3242 4959
390 466 455 511 cun.
472 467 493 511 1.
511 467 632 512 omnem
646 468 722 521 onan
736 469 917 515 nummum.
1140 449 1203 516 239

108 630 281 712 iegitimum
303 630 421 696 lucrum
443 631 600 711 percipiat,
618 647 680 695 nou
702 647 756 712 per
776 647 808 694 se
832 647 957 694 necesse
976 639 1023 694 est
1042 639 1078 694 ut
1098 647 1130 695 re
1145 631 1199 695 iiia

106 729 279 794 formaliter
300 728 338 793 ad
359 746 461 792 rerum
483 745 629 794 novamm
652 730 882 810 productionem
903 738 1091 794 concurrat:
1115 730 1198 810 quod

108 829 172 892 imo
187 829 310 893 scholae
325 829 529 893 oeeonomime
544 844 661 904 omnes,
678 828 829 910 implicite
840 829 952 892 saitem
967 837 997 891 et
1011 828 1114 908 quood
1124 846 1200 910 por-

107 927 257 990 tieuiorin
272 927 422 1007 quaedam
438 927 565 1006 objecta.
579 927 738 992 admittere
753 928 986 992 convincuntur.
996 927 1095 1004 Unde,
1109 927 1199 991 dnm·

108 1027 202 1091 modo
223 1026 313 1091 verba
335 1037 474 1091 accurate
492 1028 577 1106 Juxta
598 1028 750 1108 principia
777 1028 896 1091 eroiuta
921 1028 1123 1107 applicentur,
1146 1044 1201 1108 per

108 1141 167 1189 nos
183 1126 254 1188 iicet
270 1125 328 1188 tria
346 1125 444 1189 vocari
461 1126 610 1189 elementa
621 1126 832 1206 productionis
845 1144 853 1189 :
867 1136 1020 1200 naturam,
1031 1126 1161 1207 capiccio
1171 1135 1201 1189 et

110 1224 248 1287 laborem
263 1223 450 1300 humanum;
474 1222 528 1288 sed
543 1223 633 1286 simui
653 1223 859 1288 annotandum
875 1234 932 1295 est.
949 1224 1049 1304 quoad
1064 1239 1198 1304 presen-

109 1333 174 1386 tem
189 1338 324 1396 causam,
342 1323 477 1403 capitati,
496 1323 585 1402 quate
607 1322 792 1403 descriptum
807 1332 864 1394 est,
883 1322 1032 1402 quaedam
1047 1323 1199 1386 naturalia

107 1437 164 1502 per
178 1439 212 1484 se
226 1438 318 1484 sensu
332 1423 431 1502 posito
448 1422 567 1485 iucrosa
582 1423 787 1485 annumerari.

151 1521 189 1584 11.
205 1521 318 1596 Quodsi
335 1521 445 1585 deinde
459 1523 613 1585 notionem
625 1521 767 1601 capitalis
782 1522 824 1584 ita
836 1523 967 1602 positam
978 1519 1197 1584 diversissimis

107 1629 138 1683 et
150 1619 374 1700 propemodum
390 1620 560 1683 innumeris
572 1620 840 1684 oeconomistarum
854 1619 1083 1682 definitionibus
1093 1617 1198 1682 conie·
1281 1698 1285 1704 Ι

107 1719 221 1785 rimus.
237 1718 369 1798 ingenue
384 1716 518 1781 fatemur
534 1718 612 1781 hanc
633 1729 779 1792 nostram,
797 1734 890 1797 quam
912 1716 1099 1781 traditionaii
1116 1725 1198 1779 rete·

107 1833 179 1880 rum
206 1817 424 1897 theologomm‘
442 1832 602 1879 censemus
630 1832 806 1897 congruere,
835 1816 982 1880 radicitus
1007 1816 1046 1879 ab
1073 1815 1197 1879 iliorum

107 1913 242 1977 differre.
267 1917 409 1977 Attamen
430 1930 500 1977 cum
527 1915 729 1994 quorumdam
747 1924 905 1996 conceptu,
933 1931 970 1976 ex
989 1914 1054 1976 iiiis
1072 1913 1124 1992 qui
1145 1929 1197 1976 ca-

107 2012 217 2093 pitatis
253 2012 459 2076 luerositatem
494 2030 532 2075 ee
567 2031 625 2076 uso
659 2013 843 2088 desumunt,
881 2013 1013 2076 affinitas
1047 2011 1198 2092 quaedam

105 2113 235 2194 reperiri
258 2122 371 2192 posset.
392 2114 447 2188 lta,
463 2111 641 2175 verbotenus
662 2113 780 2188 saitem,
804 2129 875 2176 eum
898 2114 1053 2185 liemare,
1077 2127 1198 2175 oeoono·

106 2212 201 2274 mista
226 2229 262 2274 ex
288 2211 443 2292 primariis
468 2212 665 2280 Germaniae.
694 2213 891 2275 convenimus
916 2211 1060 2275 scribenti
1085 2229 1092 2274 :
1119 2210 1197 2273 «die

106 2311 349 2375 Branchlrarkeit
365 2313 445 2374 kann
461 2312 528 2374 eine
541 2310 754 2392 verpdoplicde
769 2311 842 2374 oder
857 2312 925 2374 eine
940 2310 1098 2373 dauernde
1119 2310 1195 2373 sein.

102 2411 213 2474 Theils
228 2411 277 2474 die
292 2411 354 2474 Art
368 2410 422 2472 der
439 2409 544 2485 Getes,
563 2410 653 2474 theiis
668 2410 716 2474 die
728 2413 789 2476 Art
801 2410 853 2474 des
871 2408 1063 2474 Gedroacitcc
1078 2409 1118 2471 ist
1132 2409 1198 2472 hier

104 2507 323 2588 massgebend.
341 2508 554 2589 vergingiicir‚
577 2509 621 2572 oft
642 2525 700 2571 nur
720 2517 907 2582 momentan‚
931 2509 970 2572 ist
991 2507 1040 2570 die
1062 2507 1196 2571 Branch-

104 2608 229 2672 barlteit
250 2607 344 2670 irisch
366 2607 524 2671 bereiteter
545 2608 661 2687 Speise.
685 2607 830 2670 manches
851 2606 1054 2671 Getrinkes...
1075 2604 1196 2668 (imud-

105 2707 225 2782 stirme,
249 2707 402 2782 (leoinde,
426 2707 565 2783 Gerithe,
595 2707 722 2780 Bucher,
746 2705 822 2769 Geid
844 2708 876 2782 (t)
896 2706 996 2769 haben
1020 2704 1195 2767 dauernden

104 2808 371 2872 Gebrauchswert.
389 2806 446 2870 Idr
462 2806 632 2882 Gedrooed,
656 2805 802 2869 ediscenti
823 2805 927 2868 dmeen
947 2806 993 2868 eie
1016 2802 1193 2883 fortcteiten,

102 2906 190 2969 uitro
215 2904 284 2968 ihre
307 2907 456 2986 Natznnp
481 2912 626 2987 pertonat,
654 2905 704 2967 die
729 2905 814 2967 dona
836 2905 893 2966 wie
917 2904 968 2966 ein
993 2905 1110 2984 eipenes
1135 2902 1198 2967 Gut

104 3006 278 3086 auspefomt
302 3005 421 3068 werden
447 3003 540 3080 iano,
567 3003 689 3068 welches
711 3005 764 3082 fiir
791 3002 858 3066 sicit
882 3002 972 3066 seidst
1001 2999 1196 3066 Tooccitwert

101 3104 255 3183 erionpen
280 3121 360 3183 cnop,
388 3102 446 3165 den
471 3121 543 3165 mon
568 3103 643 3164 Zins
666 3109 789 3165 aeaut»
811 3105 858 3179 (ri.
880 3102 950 3166 ideo
976 3102 1083 3164 merito
1110 3107 1196 3164 vocat

103 3201 253 3282 capitale,
271 3202 350 3265 bona
371 3202 425 3264 iiia
440 3219 517 3282 quae
542 3212 612 3283 apta
638 3210 708 3264 sunt
726 3202 822 3265 «eine
847 3167 1000 3265 dauernde
1021 3199 1195 3280 Gruudlage

105 3300 195 3364 einer
217 3301 358 3380 Nutzung
378 3318 415 3362 zu
440 3301 516 3378 sein,
535 3300 583 3364 die
598 3301 792 3364 Tauschwert
812 3301 892 3362 hat»
911 3301 957 3377 (a).
973 3300 1084 3363 Verum
1105 3299 1197 3377 huius

103 3399 244 3462 auctoris
259 3407 289 3461 et
302 3398 438 3476 eiusdem
454 3399 628 3478 sequacium
644 3399 782 3462 theoria
774 3416 806 3461 m
820 3399 879 3462 hoc
893 3398 1094 3462 essentialiter
1109 3397 1197 3459 vitia-

106 3505 173 3574 tur,
192 3497 273 3576 quod
288 3513 351 3560 non
366 3513 487 3578 semper
501 3507 640 3561 naturam
656 3498 763 3577 objecti
779 3498 817 3562 de
838 3514 899 3578 quo
922 3499 1032 3579 agitur,
1053 3520 1067 3555 ι
1081 3498 1129 3561 die
1144 3499 1200 3562 Art

139 3709 177 3772 (i)
194 3706 232 3764 Cf.
259 3709 405 3774 Heumann,
429 3709 755 3773 Stootswirtirreirofttr'eire
776 3711 1027 3777 Ueterntetoapen.
1050 3708 1093 3765 ed.
1117 3706 1197 3772 itti,

105 3805 137 3858 p.
152 3790 204 3847 109
215 3805 253 3846 se.
265 3791 375 3854 (citatur
386 3790 458 3857 apud
470 3791 686 3856 Bduu-Bawnnm
700 3805 742 3858 op.
755 3807 789 3856 n,
802 3793 823 3854 Ι.
836 3807 863 3860 p.
876 3793 943 3856 aid).

140 3873 177 3937 (a)
194 3873 307 3937 ditatur,
328 3874 374 3938 iia,
396 3888 424 3940 p.
445 3873 503 3930 iii.
516 3901 549 3910 —
566 3875 667 3930 Eodem
688 3873 744 3930 fere
764 3873 847 3930 modo
868 3889 899 3931 ac
917 3876 1062 3938 Hermann,
1083 3872 1198 3938 capitale

105 3955 234 4022 concipit
250 3956 330 4010 dume
341 3956 389 4022 qui
402 3969 483 4011 usum
500 3955 567 4011 dieii
584 3956 660 4011 «den
672 3955 759 4012 durch
772 3957 834 4012 eine
845 3955 972 4018 laniende
983 3957 1038 4023 zen
1048 3954 1199 4010 andanem·

107 4037 167 4092 den
178 4036 237 4092 und
249 4036 336 4093 durch
349 4038 541 4094 Zeitmomente
550 4038 752 4104 begrenzbareu
761 4039 903 4095 debcaueh
911 4055 926 4084 u
938 4037 1054 4105 alieuius
1066 4039 1105 4094 rei
1117 4051 1199 4104 uuam

104 4119 479 4265 ProcaAEsdIiIutzuuggsirager»
491 4119 534 4182 (ei.
548 4119 765 4186 ddum-Banasa,
778 4135 821 4187 op.
834 4136 868 4185 e„
882 4123 902 4185 1,
915 4136 942 4189 p.
953 4119 1025 4187 adep
1039 4122 1069 4177 it.
1079 4121 1201 4176 Wauuas

115 4216 154 4258 e.
197 4241 215 4266 .,
253 4216 301 4269 ‚p.
358 4244 365 4258 .
