3242 4959
334 513 399 559 cnr.
417 511 449 557 n.
467 511 611 558 numerem
626 512 772 559 scrmrrnu
786 510 985 556 sconnsrrcnc.
1143 491 1204 557 lot

155 675 276 749 Quibus
296 690 351 755 per
369 683 565 739 transennam
581 674 683 749 dictis,
699 673 738 738 ad
760 674 914 737 notionem
929 673 1077 754 pecuniae
1096 673 1202 738 redca-

100 788 196 836 mnus
219 775 342 838 Praeter
361 790 451 838 usum
470 774 683 855 principalem,
706 773 758 852 qui
782 795 798 828 ι
811 779 857 835 εει
877 772 1032 837 distractio
1054 772 1202 852 pecuniae

100 873 145 934 iu
160 873 457 949 commutationes»,
477 897 491 929 «
507 882 687 953 potestesse
702 872 816 952 aliquis
834 869 1036 934 secundarius
1055 887 1129 933 usos
1147 886 1201 950 pe-

97 971 223 1035 cuniae
250 979 411 1053 argenteae
441 974 488 1050 (r),
520 980 553 1034 ut
581 981 654 1051 puta
682 971 710 1034 si
739 971 809 1050 quis
838 971 1014 1034 concederet
1042 968 1201 1049 pecuniam

97 1070 268 1150 :signatam
283 1071 321 1134 ad
336 1072 569 1135 ostentationem
581 1071 628 1133 vel
644 1071 682 1134 ad
699 1070 874 1152 ponendum
891 1069 956 1132 loco
971 1067 1109 1149 pignoris
1123 1091 1137 1124 r
1151 1071 1198 1147 (a).

109 1168 333 1248 inquirendum
348 1169 439 1233 modo
454 1178 500 1232 est
515 1168 667 1249 quomodo
682 1169 764 1232 hunc
778 1184 868 1232 nsum
884 1167 1098 1230 secundarium
1114 1167 1202 1230 intel-

110 1266 191 1347 ligat
209 1268 241 1331 S.
258 1270 410 1332 Thomas?
433 1268 642 1341 «Dicendum,
665 1269 707 1330 ita
728 1267 794 1348 ipse
818 1267 850 1329 in
871 1267 1018 1347 opusculo
1039 1265 1199 1341 Delicta,

97 1364 196 1442 duod
211 1366 290 1429 sicut
306 1366 512 1448 Philosophus
531 1367 616 1445 dicit,
639 1366 752 1448 duplex
770 1382 846 1429 usus
865 1373 963 1445 potest
985 1381 1051 1426 esse
1072 1363 1202 1442 alicuius

100 1463 155 1525 nei
177 1480 186 1526 ε
208 1480 288 1527 nnus
308 1465 451 1544 proprius
472 1473 501 1527 ct
522 1464 727 1544 principalis:
745 1464 825 1527 alius
845 1462 1044 1525 secundarius
1064 1470 1094 1525 et
1117 1477 1201 1524 com-

109 1562 217 1625 munis
232 1579 241 1625 ;
258 1565 337 1626 sicut
350 1564 546 1628 calceamenti
563 1564 705 1643 proprius
724 1572 754 1625 et
775 1561 954 1643 principalis
975 1578 1050 1624 usus
1071 1569 1116 1623 εει
1137 1560 1200 1623 cal·

98 1661 221 1735 1εεειίε,
243 1661 443 1726 secundarius
460 1671 561 1725 antem
583 1662 789 1726 commutatio.
814 1661 964 1724 Pecuniae
985 1669 1085 1723 autem
1100 1677 1117 1722 ε
1131 1675 1202 1722 oon-
1239 1647 1243 1664 ¹

99 1774 200 1823 uerso
228 1759 408 1840 principalis
437 1777 512 1824 usus
541 1769 587 1824 εει
618 1760 831 1836 commutatio;
860 1767 983 1839 propter
1011 1758 1090 1820 hanc
1118 1757 1200 1820 euim

109 1859 242 1939 pecunia
257 1858 336 1922 lacta
351 1869 398 1922 est
414 1877 421 1922 :
440 1861 639 1924 secundarius
654 1868 754 1923 autem
769 1875 844 1922 usus
860 1857 1007 1938 pecuniae
1022 1864 1201 1938 potestesse

100 1958 298 2038 sonitumque
312 1959 403 2034 aliuS,
421 1969 532 2038 puta...
551 1958 577 2020 si
593 1959 663 2038 quis
678 1957 836 2038 pecuniam
856 1957 1008 2036 signatam
1028 1960 1061 2018 in
1081 1952 1200 2016 sacculo

106 2057 259 2121 concedat
279 2058 371 2122 alicui
394 2057 431 2122 ad
452 2059 510 2122 hoc
531 2058 613 2138 quod
635 2064 728 2139 ponat
749 2073 816 2119 eam
838 2056 871 2119 in
892 2055 1072 2135 pignore...,
1089 2053 1115 2115 si
1131 2051 1202 2131 quis

99 2154 260 2218 concedat
280 2155 365 2218 alteri
387 2157 548 2237 pecuniam
570 2154 608 2218 ad
631 2170 720 2218 usum
739 2153 1020 2217 ostentationis...»
1039 2155 1085 2228 le).
1104 2151 1200 2224 Quem

107 2254 268 2334 duplicem
296 2271 397 2326 usum,
425 2256 458 2317 in
483 2256 590 2336 quavis
612 2273 644 2320 re
665 2255 847 2329 admissum,
871 2252 1041 2316 accuratius
1062 2252 1094 2314 ln
1119 2265 1201 2314 com-

110 2354 262 2416 mentario
284 2353 323 2416 ad
345 2355 358 2416 l
380 2354 505 2417 librum
531 2354 734 2416 Politicorum
755 2355 790 2428 le)
814 2349 985 2431 descripsit,
1009 2357 1039 2412 ct
1059 2347 1198 2427 exemplo

100 2453 204 2516 veluto
230 2452 427 2516 calceamenti
453 2453 627 2531 explicavit.
651 2453 705 2516 Cui
728 2454 794 2515 loco
817 2455 848 2515 S.
865 2451 998 2514 Thomae
1020 2449 1198 2530 praesertim

100 2560 157 2614 est
172 2551 381 2615 annotandum
393 2561 555 2631 utrumque
570 2568 670 2624 usum,
683 2559 744 2614 tam
755 2550 967 2630 principalem,
982 2563 1074 2627 quam
1089 2563 1198 2610 secun·

111 2648 321 2723 declamasse
333 2665 423 2711 nsum
434 2650 478 2711 rei
491 2665 551 2728 qua
563 2650 644 2722 talis,
658 2665 728 2712 cnm
739 2649 806 2726 ipse
817 2647 993 2727 angelicus,
1003 2644 1197 2708 Aristotelem

102 2747 280 2827 ¹sequendo,
297 2747 378 2810 lrnnc
393 2763 467 2809 usus
482 2755 664 2810 caracterem
680 2747 712 2808 in
727 2746 793 2809 lnce
805 2755 899 2824 ponat
913 2761 920 2806 :
934 2743 1045 2807 etenim
1060 2766 1074 2800 a
1088 2757 1197 2805 conve·

109 2847 200 2909 niunt
214 2847 247 2908 in
261 2847 320 2908 lroc
331 2845 411 2925 quod
424 2855 549 2924 uterque
562 2854 607 2907 est
618 2843 784 2906 secundom
795 2861 827 2906 so
838 2852 867 2905 et
878 2860 940 2906 non
950 2857 1004 2923 per
1015 2841 1194 2905 accidens...

109 2945 257 3018 Quamvis
279 2945 475 3008 commutatio
501 2961 563 3007 uon
588 2945 628 3006 sit
651 2947 796 3024 proprius
821 2959 895 3005 usus
919 2941 1127 3015 calceamenti,
1152 2947 1198 3002 est

102 3052 213 3108 tamen
235 3059 310 3107 usus
330 3043 396 3122 ejus
417 3042 525 3122 perse
548 3052 577 3106 et
599 3059 661 3106 non
682 3042 850 3105 secundum
871 3040 1036 3105 accidens:
1055 3040 1126 3120 quia
1145 3038 1196 3101 ille

103 3143 163 3221 oui
178 3149 346 3206 commutat
359 3142 473 3220 ipsum,
487 3142 589 3204 utitur
599 3157 633 3203 eo
643 3140 809 3203 secuudum
822 3139 955 3202 colorem
969 3157 1071 3202 soum.
1088 3160 1102 3195 a
1116 3138 1196 3217 Ergo

111 3257 185 3304 usus
199 3242 395 3305 calceamenti
412 3241 450 3304 ad
465 3233 745 3307 commutationem.
762 3241 902 3321 quamvis
923 3239 964 3302 sit
984 3237 1193 3312 secundarius,

101 3348 212 3404 ¹tamen
234 3357 308 3404 usus
329 3349 374 3405 est
395 3341 494 3421 ipsius
519 3339 686 3404 secundum
708 3348 849 3402 naturam
874 3349 904 3401 et
924 3339 1058 3402 valorem
1080 3338 1196 3401 calcea·

103 3440 206 3502 menti
220 3447 250 3502 ει
273 3456 335 3503 non
357 3448 474 3502 tantum
498 3439 665 3502 secuudum
688 3439 821 3503 valorem
843 3439 885 3500 rei
908 3439 1077 3509 coriaceae;
1102 3435 1195 3499 simili

103 3538 212 3615 modo,
222 3538 336 3618 aliquis
347 3555 421 3600 usus
432 3539 579 3618 pecuniae
591 3546 709 3618 praeter
718 3537 999 3613 commutationem,
1009 3536 1148 3617 quamvis
1156 3535 1196 3596 sit

101 3637 318 3710 ¹stecundarius,
329 3646 430 3699 tamen
443 3645 542 3715 potest
553 3653 620 3698 esse
630 3652 703 3698 usus
714 3636 860 3714 pecuniae
870 3636 1037 3698 secundum
1047 3635 1194 3697 rationem

102 3735 266 3814 pecuniae,
293 3743 323 3798 et
344 3753 406 3798 non
427 3735 527 3798 solum
549 3734 716 3799 secundum
738 3735 887 3797 rationem
907 3734 1022 3798 metalli
1044 3736 1090 3812 (5).
1108 3732 1195 3806 Quod

143 3936 176 3998 (l)
192 3936 256 3992 ideo
269 3935 393 4002 loquitur
404 3935 439 3991 de
451 3935 565 4000 pecunia
577 3939 713 4002 arpenteo,
726 3933 790 4000 onia
802 3933 921 4000 obiectio
933 3934 967 3990 de
978 3947 1010 3990 ea
1021 3933 1143 4000 ponitur.

143 4018 176 4079 (tl
192 4017 231 4076 cl.
243 4017 273 4072 i*
283 4017 326 4079 ι’.
339 4033 367 4084 o.
380 4017 510 4080 Lllllvlll,
523 4031 548 4070 a.
561 4017 588 4080 l,
600 4017 633 4072 ad
646 4016 671 4072 6.

133 4098 176 4161 ι(3)
192 4098 231 4155 dl.
243 4101 285 4152 De
297 4099 382 4161 Muto,
395 4114 423 4165 o.
436 4099 502 4162 lllll,
515 4111 539 4152 a.
552 4097 578 4161 l,
591 4097 625 4153 ad
637 4097 679 4152 li.

144 4179 177 4242 (ll
192 4179 231 4236 Gi.
244 4181 307 4236 lect.
319 4183 345 4245 l,
358 4179 392 4235 ad
404 4180 465 4236 init.
478 4207 511 4216 —
522 4178 597 4235 idem
608 4179 722 4245 exponit
732 4181 830 4235 auctor
840 4179 932 4246 operis
948 4179 989 4232 Dc
1000 4181 1098 4243 usuris,
1112 4193 1136 4235 e.
1149 4180 1193 4234 lll.

133 4261 177 4325 vll)
193 4262 271 4328 Quod
290 4261 363 4318 idem
385 4261 517 4329 probatur
539 4261 681 4318 manifeste
703 4275 738 4318 ex
758 4261 962 4326 comparatione
985 4260 1103 4327 duplicis
1125 4275 1195 4318 usus
