3242 4959
346 512 410 558 car.
427 513 460 559 tt.
476 513 782 560 rnmcrrttscrnunttn
796 514 994 563 scotastrcrn
1156 486 1220 564 tlt

429 771 595 824 condutio
612 771 770 826 &ostonis
785 764 920 837 ommno.

172 969 207 1033 Si
229 969 307 1034 oculi
330 985 412 1033 nunc
432 969 464 1032 in
486 970 544 1033 iter
564 971 721 1050 bucusque
735 970 849 1034 iactum
865 971 1047 1051 dirigantur,
1063 978 1098 1035 nt
1116 979 1222 1052 pateat

129 1085 282 1149 quaenam
306 1087 342 1132 cx
365 1070 423 1134 bac
444 1069 539 1150 priori
561 1071 760 1150 inquisitione
780 1072 844 1151 jam
868 1073 929 1135 sint
951 1081 1043 1146 certa,
1067 1067 1220 1152 quaenam

127 1184 201 1232 vcro
216 1179 360 1231 maneant
374 1169 544 1232 accuratius
558 1169 737 1249 exponenda
750 1180 781 1233 et
796 1171 1017 1248 confirmanda,
1034 1173 1108 1235 bace
1120 1176 1218 1253 'gene-

127 1265 221 1329 ratim
237 1264 530 1330 animadvertuntur.

171 1365 278 1439 Quoad
299 1365 448 1429 rationem
463 1382 498 1430 ae
513 1375 653 1430 naturam
668 1368 831 1448 pecuniae,
849 1377 967 1431 constat
981 1384 1059 1446 quac
1074 1369 1107 1431 in
1122 1369 1219 1449 priori

127 1465 235 1546 capite
247 1463 459 1541 disseruimus,
473 1466 552 1530 miro
567 1466 658 1529 modo
673 1466 778 1530 eadem
794 1467 979 1538 confirmari,
994 1467 1056 1530 imo
1070 1467 1219 1547 explicari

126 1572 159 1627 et
178 1564 349 1628 accuratius
370 1563 565 1628 determinari
587 1565 749 1645 principiis
771 1581 888 1644 quaen
909 1566 1036 1629 scientia
1057 1565 1218 1630 scolastica

126 1665 314 1739 audirimus,
338 1675 368 1728 ct
393 1665 424 1728 in
449 1665 543 1728 alteru
570 1666 675 1746 Capite
700 1667 907 1746 exposuimus.
934 1667 1134 1747 Qttaejgltur
1153 1667 1218 1746 jam

126 1764 279 1844 acquisita
293 1764 332 1827 ad
347 1765 427 1827 uiam
443 1765 686 1845 prosequendam
697 1764 867 1828 habeantur
883 1783 891 1829 :
908 1764 1097 1847 suiilcidtque
1111 1766 1217 1829 eadem

125 1877 200 1925 mon
215 1862 254 1925 ad
269 1863 417 1924 amussim
433 1863 599 1942 applicare.

170 1960 247 2024 Cum
262 1970 363 2024 autem
375 1961 494 2024 devera
506 1961 784 2042 copitalisnotione
796 1962 963 2041 quaeritur,
977 1963 1009 2026 id
1021 1970 1067 2025 cst
1078 1963 1115 2027 de
1127 1963 1220 2027 rebus

126 2077 207 2140 quae
223 2077 260 2122 ex
274 2075 307 2123 se
330 2069 361 2123 et
380 2076 435 2139 per
455 2075 488 2123 se
510 2060 595 2140 ipsae
616 2062 785 2141 possessori
810 2062 979 2124 auctarium
1002 2062 1082 2125 lerre
1101 2063 1220 2141 justum

124 2167 269 2238 possunt,
293 2158 417 2221 dillicile
440 2157 517 2222 foret
533 2157 586 2222 illa
602 2161 639 2222 ad
657 2175 754 2223 unum
774 2160 915 2239 idemque
934 2162 1123 2236 contrahere,
1140 2177 1221 2241 quae

123 2258 213 2336 Juxta
228 2257 388 2321 scientiam
403 2255 581 2320 modernam
596 2267 625 2320 et
639 2275 717 2338 quae
731 2258 816 2337 juxta
831 2259 1022 2321 scolasticam
1034 2259 1215 2338 reperimus.

124 2357 234 2420 Prima
257 2357 428 2420 differentia
452 2357 485 2418 in
508 2357 566 2420 hoc
587 2357 771 2437 perspicitur
794 2358 873 2436 quod
899 2357 1037 2420 hodierni
1060 2357 1217 2437 problema

125 2457 158 2518 in
175 2471 278 2518 return
291 2471 437 2519 novarum
450 2455 683 2536 productionem
700 2456 895 2531 transierant,
914 2473 983 2520 eum
999 2464 1114 2520 veteres
1128 2473 1218 2536 prae·

124 2556 219 2636 cipue
235 2555 348 2619 valoris
364 2553 578 2617 distributioni
594 2565 695 2617 mente
710 2555 899 2618 incumbant.
913 2556 1005 2636 Atqui
1019 2563 1099 2635 patet
1110 2572 1219 2635 quaes·

124 2656 256 2729 tionem,
279 2663 381 2716 utrum
404 2670 499 2717 necne
520 2653 650 2733 capitale
671 2653 763 2717 alicui
783 2655 951 2718 auctarium
968 2655 1084 2732 iustum
1099 2654 1216 2729 alferat,

124 2754 284 2834 imprimis
298 2752 545 2829 distributionem
561 2753 711 2832 respicere
725 2769 732 2816 :
746 2753 866 2832 concipi
880 2753 963 2816 enim
979 2761 1077 2833 potest
1093 2769 1144 2816 res
1157 2753 1217 2817 ali·

75 2935 78 2942 ¹
124 2870 188 2932 qua
200 2867 279 2932 quae
289 2868 325 2914 ex
338 2868 370 2913 se
382 2851 502 2914 nullum
513 2851 628 2914 valoris
639 2851 770 2914 absoluti
783 2868 800 2913 a
812 2852 955 2914 societate
968 2852 1101 2931 possessi
1117 2853 1216 2915 incre⁴
1243 2926 1245 2931 ¹

123 2960 266 3016 mentum
285 2952 444 3032 producat,
460 2963 489 3015 et
505 2967 582 3031 quae
601 2951 803 3014 nibilominus
824 2951 1024 3032 pmprietario
1046 2953 1215 3016 auctarium

121 3051 243 3129 iustum
263 3050 391 3113 alferat:
409 3060 450 3126 at,
467 3050 625 3130 problema
646 3048 758 3112 directe
779 3048 818 3112 de
839 3050 895 3112 hoc
917 3050 1050 3113 auctario
1071 3051 1211 3130 ponitur;

123 3150 220 3225 unde,
238 3151 265 3212 si
281 3166 511 3230 nonnumquam
526 3150 564 3213 ad
580 3149 739 3213 formalem
759 3151 803 3214 rei
824 3149 1087 3230 productivitatem
1104 3167 1214 3231 provo·

124 3261 223 3326 tetur,
246 3251 305 3314 hoc
330 3251 381 3312 liat
403 3266 458 3329 per
478 3250 620 3314 accidens
641 3250 679 3313 ad
698 3250 812 3328 iustam
835 3249 948 3314 valoris
968 3249 1216 3314 distributionem

124 3348 239 3412 melius
254 3348 521 3411 manifestandam.
546 3348 577 3411 Si
601 3348 641 3410 ita
664 3355 720 3422 est,
738 3349 955 3411 oeeonomistae
969 3365 987 3410 a
1003 3349 1165 3429 principio,
1182 3349 1215 3414 id

124 3456 172 3510 est
187 3447 227 3510 ab
241 3446 309 3526 ipsa
323 3447 511 3526 quaestionis
525 3446 688 3526 positione,
705 3446 899 3525 aliquatenus
918 3447 1108 3510 aberrarunt.
1125 3446 1213 3521 Quod

124 3556 231 3608 tamen
252 3543 330 3624 ipsis
351 3561 413 3608 non
433 3543 506 3606 vitio
532 3550 683 3618 vertatur,
705 3559 809 3607 verum
831 3545 973 3623 antiquae
994 3545 1217 3609 controversiae

123 3644 306 3724 praesertim
331 3660 348 3705 a
375 3642 500 3707 Calvino
521 3644 678 3707 excitatae.
702 3642 750 3707 nb
773 3643 865 3720 hujus
887 3644 970 3706 enim
994 3653 1140 3723 tempore,
1160 3643 1213 3723 qui

124 3740 263 3820 eiusdem
278 3742 459 3805 sententiam
474 3742 719 3823 propugnabant,
732 3741 936 3805 indubitatum
948 3741 1103 3806 habebant
1112 3751 1214 3805 aucta·

123 3841 207 3904 rium
219 3840 365 3920 pecuniae
378 3840 446 3904 ideo
458 3855 512 3919 per
523 3857 555 3903 se
564 3842 644 3919 juste
655 3840 791 3916 attribui,
805 3840 877 3919 quia
893 3857 947 3920 per
959 3857 992 3903 se
1004 3841 1078 3903 reali
1090 3840 1215 3919 capitali

119 3938 321 4021 producitur.
345 3939 431 4012 Quod
456 3939 641 4018 principium
663 3951 696 4002 ut
720 3939 847 4002 scientia
865 3939 1049 4019 acquisitum
1069 3954 1215 4019 praesup

124 4045 292 4118 ponentes,
320 4036 497 4101 fundatores
525 4039 670 4102 scientiae
698 4039 903 4102 oeconomicae
928 4038 961 4099 in
989 4037 1216 4101 diversissimas

124 4138 269 4202 abierunt
278 4137 457 4211 sententias,
467 4136 578 4216 quibus
589 4137 644 4199 ilia
654 4136 918 4199 essentialisnotio
926 4135 1067 4215 capitalis
1074 4135 1214 4199 moderni

125 4235 341 4316 explicaretur.
356 4236 404 4299 Ex
415 4235 641 4314 comparatione
655 4243 755 4298 autem
771 4235 851 4297 inter
865 4242 1026 4314 utramque
1040 4233 1212 4312 scientiam,
