3242 4959
317 452 381 524 cup.
399 451 431 496 u.
449 449 598 500 enumero
610 451 758 498 sorrrrrrtr
772 449 972 496 monasrrern.
1133 417 1201 496 too

92 620 232 702 pedania
258 620 435 686 habendum
463 627 521 684 est.
552 621 849 699 {responderem
887 627 944 692 est,
983 619 1064 698 quod
1099 619 1193 684 etiam

17 760 24 786 ».
94 720 248 787 denarius
268 721 383 800 patitur
402 720 459 782 hoc
483 719 566 782 idem
586 718 669 798 quod
690 718 769 782 atiae
793 733 854 793 res,
882 717 962 796 quod
988 717 1104 781 soiiioet
1128 733 1191 782 non

17 863 31 903 Ἴ,
96 833 224 898 semper
237 833 293 898 pro
308 833 344 882 oo
359 818 470 898 accipit
484 818 576 888 homo
587 816 670 896 quod
686 816 762 891 vuit,
779 817 927 895 quianon
946 832 1066 896 semper
1085 826 1191 896 postea

17 978 25 1003 „
95 917 242 996 tenuate,
267 915 346 980 idest
360 923 625 996 nousomporest
645 913 784 992 eiusdem
797 914 928 990 valoris;
954 914 1007 978 sed
1030 923 1131 978 tamen
1146 923 1193 978 ta·

17 1072 27 1086 ,,
98 1016 172 1084 iiter
187 1016 277 1080 debat
290 1032 358 1080 esse
374 1017 543 1090 inatiurtur,
557 1023 590 1078 ut
605 1013 900 1095 mapis'permaneat
918 1015 951 1077 in
968 1015 1075 1078 eodem
1092 1015 1195 1078 valore

17 1102 25 1186 J.
92 1132 197 1196 ettam
217 1115 296 1181 aiiae
316 1131 392 1179 res»
410 1117 459 1193 (rt.
482 1116 519 1178 Et
544 1114 586 1177 ita
612 1113 776 1176 dicendum
801 1121 848 1176 est
875 1113 1047 1193 pecuniam,
1073 1114 1194 1177 etiamsi

23 1264 31 1275 .
96 1215 234 1293 poeonia
253 1223 387 1282 maneat.
403 1211 590 1286 numerari,
612 1211 747 1290 adeoque
769 1211 903 1274 valorem
919 1211 952 1273 in
973 1227 1006 1274 se
1028 1211 1193 1290 quemdam

17 1302 36 1391 {4
96 1313 227 1384 dooere.
244 1313 315 1388 Sed,
333 1312 447 1376 nedum
460 1319 654 1375 mensuretur
668 1310 744 1391 poio
758 1310 898 1396 pecunia,
918 1310 1018 1390 potius
1033 1326 1193 1375 mensura·

23 1483 27 1492 ¹
95 1411 310 1492 turpeomoir
323 1412 365 1474 sit
379 1411 518 1491 pecnnia,
535 1418 565 1473 ot
579 1411 655 1490 poio
668 1425 772 1474 seeum
793 1410 878 1473 atiud
899 1409 973 1490 quid
996 1427 1088 1491 quam
1109 1427 1194 1475 mon·

20 1568 23 1569 γ
95 1525 209 1580 sunem
231 1518 341 1589 portat.
367 1508 455 1574 Unde
483 1508 606 1572 tandem
628 1507 851 1580 oonoiudimus‚
872 1508 958 1587 juxta
984 1509 1016 1572 S.
1043 1509 1192 1573 thomum

17 1608 30 1697 g
98 1608 267 1688 pecuniam
282 1606 452 1673 formaliter
465 1621 533 1670 esse
546 1605 757 1670 tantummodo
772 1621 960 1681 mensuram,
974 1605 1063 1670 idest
1077 1607 1195 1671 utilita-

27 1701 34 1777 ζ
97 1715 165 1771 tem
181 1706 329 1786 peeuniae
343 1721 398 1770 seu
418 1721 509 1770 usum
528 1712 626 1769 totum
646 1705 679 1767 in
698 1706 904 1769 mensurando
925 1706 1103 1781 consistere,
1119 1706 1194 1786 quin

21 1805 28 1894 j
97 1823 164 1886 etto
180 1807 310 1886 pecunia
324 1813 528 1870 mensuretur.

142 1905 262 1980 Quodsi
291 1906 382 1985 proin
408 1911 576 1978 mensurat,
603 1905 679 1984 quin
707 1913 911 1980 mensuretur,
938 1921 1072 1986 quonam
1101 1921 1194 1969 sensu

17 1999 32 2069 [J
100 2019 209 2072 rerum
227 2019 371 2068 mensura
392 2003 522 2083 positive
541 2003 671 2066 dicenda
695 2006 760 2066 esti
789 2003 860 2067 ideo
880 2005 1018 2070 omnium
1041 2004 1193 2067 venalium

17 2104 31 2191 J,
98 2103 301 2172 eonstituitur
324 2117 480 2177 mensura,
507 2118 570 2167 nou
595 2103 667 2182 quia
692 2103 831 2166 omnium
855 2104 989 2167 valorem
1015 2119 1070 2167 suo
1096 2104 1194 2184 ipsius
1266 2165 1267 2170 ,
1352 2100 1355 2105 ’

17 2264 27 2287 ,,
99 2212 263 2283 eomparat
277 2202 385 2276 vaiori,
399 2201 454 2265 sed
469 2203 542 2283 quia
557 2203 794 2265 instrumentum
808 2212 855 2265 est
873 2219 934 2282 quo
955 2219 1005 2266 res
1027 2203 1194 2266 seeundum

20 2362 22 2366 ,
101 2301 241 2367 valorem
264 2309 482 2381 comparantur
508 2317 545 2364 ue
564 2290 781 2364 mensurantur
800 2319 896 2364 onom
917 2301 958 2364 od
979 2301 1084 2363 otiam.
1109 2299 1196 2375 Quod

17 2398 29 2483 J„
101 2401 254 2468 hodierna
280 2399 493 2480 terminoiogia
515 2399 675 2474 diceretur,
692 2401 853 2480 pecuniam
876 2400 943 2464 ideo
970 2415 1036 2464 esse
1057 2400 1195 2464 omnium

103 2514 283 2566 mensuram
308 2499 381 2577 quia
406 2507 451 2560 est
478 2497 648 2561 formaliter
672 2499 801 2578 signum·
821 2499 957 2562 vatorum
986 2507 1195 2578 repraesenta·

101 2597 215 2662 tivum.
231 2596 366 2675 ideoque
378 2596 515 2676 praecise
531 2618 546 2653 ι
560 2596 704 2660 denarius
723 2613 785 2660 non
802 2605 848 2660 est
868 2611 1011 2660 mensura
1031 2613 1086 2676 por
1103 2604 1194 2659 natu-

18 2762 19 2767 ,
105 2711 186 2769 ram,
213 2695 268 2759 sed
293 2710 397 2769 nomo,
424 2694 503 2757 idest
526 2711 545 2756 u
570 2694 637 2774 iege
660 2712 668 2757 :
691 2704 738 2757 est
756 2695 838 2758 enim
862 2696 894 2756 in
920 2703 1067 2776 potestate
1088 2704 1195 2758 nutura

102 2802 311 2858 transmutare
332 2792 474 2857 denarios
489 2800 517 2856 et
532 2793 658 2856 reddere
673 2808 725 2855 eos
740 2793 865 2856 inutiies
868 2840 931 2858 .....
949 2794 1109 2856 Numisma
1131 2793 1193 2857 fae-

106 2903 174 2958 tum
200 2901 247 2956 est
270 2891 438 2955 seeundum
464 2892 728 2970 compositionem,
755 2891 787 2954 id
808 2899 854 2956 est
875 2891 1044 2956 seeundum
1064 2909 1195 2956 eonven-

24 2992 26 2994 ’
105 2992 225 3057 tionem
243 2989 407 3070 qnamdam
429 2990 508 3053 inter
520 2990 706 3052 domines...
726 3006 733 3052 :
750 2997 797 3052 est
817 2990 899 3053 enim
921 2989 1096 3056 condictum
1117 2991 1197 3053 inter

106 3090 252 3157 homines
274 3089 357 3168 quod
382 3089 518 3152 afferenti
537 3087 703 3159 ,denarium
727 3088 815 3151 detur
840 3088 871 3151 id
896 3104 956 3168 quo
978 3088 1105 3169 indiget.
1128 3090 1195 3152 Non

22 3252 24 3256 .
109 3196 267 3255 mensurat
285 3204 323 3250 ex
336 3203 392 3250 sua
412 3193 530 3262 natura,
547 3185 600 3248 sed
622 3187 695 3265 quia
716 3186 759 3249 ito
777 3187 911 3266 positum
933 3189 982 3250 est
1002 3188 1081 3252 inter
1099 3188 1196 3252 homi-

110 3302 166 3350 nee
177 3309 194 3342 »
210 3287 258 3363 (ε).
277 3285 405 3350 Ponitur
419 3292 520 3348 autem
536 3285 617 3346 iuter
633 3285 774 3348 homines
787 3293 818 3348 et
831 3285 870 3348 ab
885 3285 962 3364 ipsis
976 3293 1011 3347 ut
1027 3308 1041 3342 e
1055 3301 1198 3349 mensura

110 3383 273 3462 quaedam,
290 3399 345 3464 per
359 3399 452 3463 quant
466 3382 747 3463 superabundantia
761 3391 791 3447 et
804 3381 941 3447 deiectus
958 3383 1146 3448 reducuntur
1160 3383 1199 3447 ad

110 3482 259 3559 modion,
277 3491 311 3546 ut
324 3483 531 3563 Philosophus
545 3484 579 3545 in
596 3482 735 3547 Verte.
753 3484 827 3548 dicit
841 3507 856 3541 »
874 3486 920 3562 (et.
934 3483 982 3548 Ad
997 3502 1074 3565 quae
1089 3486 1201 3548 intelli-

143 3692 178 3754 (i)
195 3690 233 3747 Cf.
246 3692 280 3745 In
293 3693 450 3746 Ethr'oorum
462 3692 491 3747 L.
505 3692 535 3757 V,
548 3691 611 3748 leot.
624 3690 650 3754 9,
663 3689 696 3746 ad
709 3690 757 3746 fin.

144 3767 179 3829 (Ξ)
196 3765 234 3822 ci.
251 3767 299 3831 dt,
317 3765 351 3822 ad
369 3765 500 3822 medium.
519 3793 553 3803 -
569 3766 676 3822 videsis
694 3767 723 3821 in
741 3766 816 3822 hune
833 3765 926 3822 loeum
944 3765 1198 3832 interpretationem

112 3840 305 3898 eovmuvnr
323 3860 331 3897 :
350 3840 538 3898 «adstoteles
555 3842 677 3908 inquit...
695 3855 759 3898 esse
777 3842 806 3896 in
827 3843 961 3908 potestate
978 3841 1154 3907 Reipublicae
1170 3843 1200 3897 et

114 3916 246 3981 principie
256 3915 420 3971 numismata
428 3916 513 3972 semei
522 3917 627 3982 signata
636 3919 753 3977 mutare.
762 3918 791 3970 et
802 3915 917 3972 reddere
925 3928 956 3970 ao
964 3915 1072 3971 effioere
1081 3915 1198 3972 inutilia.

114 3987 213 4043 iiutata
229 3987 367 4054 siquidem
384 3990 526 4046 voluntate
543 3991 680 4046 utentium
698 3990 799 4054 nomio,
813 3992 846 4045 ut
860 4003 975 4045 numum
992 3988 1083 4045 valere
1101 3989 1200 4054 nolint,

117 4061 335 4127 ipsorummet
345 4077 443 4116 morus
454 4069 504 4124 est,
515 4063 621 4120 inutilis
633 4063 759 4119 efficitur.
770 4078 787 4108 o
798 4063 837 4118 Gi.
848 4062 989 4130 Appendix
1001 4062 1035 4118 ed
1054 4065 1202 4118 Ventorum

117 4137 308 4190 resotuttomm
319 4136 406 4192 libros
417 4138 451 4191 111
464 4155 470 4192 ε
491 4138 617 4192 Veterum
627 4140 735 4192 cottotio
746 4140 949 4202 numerantem,
962 4151 987 4192 o.
1001 4137 1055 4203 VII,
1070 4151 1097 4192 n.
1111 4137 1136 4194 5.

150 4209 184 4274 (3)
199 4211 238 4268 m.
250 4213 293 4266 De
305 4214 435 4278 repimine
446 4215 608 4278 principum.
621 4213 650 4268 L.
663 4214 695 4278 ΙΙ,
708 4227 732 4269 o.
747 4211 788 4268 13.
