3242 4959
454 500 517 546 cur.
542 501 563 546 r.
587 468 719 546 ursroruu
734 458 935 555 ¹rtuuresrrours.
1196 474 1248 548 33'

149 664 188 727 ah
204 664 299 727 altera
314 670 400 743 parte
414 645 534 726 vero'se
545 672 648 727 tenent
662 665 716 727 Tu.
731 681 768 726 nn
779 664 929 739 Varianos,
944 662 980 729 Ο.
991 664 1023 727 8.
1034 664 1082 741 Β.;
1100 665 1235 729 Vatum-

148 781 227 825 nuno
255 770 283 825 et
312 748 366 825 rnss
394 763 547 836 Macaron,
575 761 714 825 canonici
744 761 990 839 Ultrajectenses;
1018 763 1056 825 Α.
1088 762 1178 825 Cruor
1206 770 1237 826 et

148 861 184 923 F.
207 861 321 934 Vrrmn,
346 860 483 925 doctores
509 860 725 935 lovanienses
749 858 809 922 dux
833 869 935 923 autem
961 866 992 922 et
1015 860 1250 941 antesignanus⁴

147 958 296 1021 Nicotaus
317 959 520 1031 Bnonnsasru,
543 956 712 1035 jansenista
734 958 780 1033 (t),
804 957 971 1020 canonicus
992 956 1249 1035 Ultmjeotensis,

148 1064 179 1121 et
199 1064 303 1136 pastor
323 1056 515 1137 Delphensis.
535 1055 591 1119 Hie
608 1064 769 1135 postquam
790 1055 830 1118 ab
851 1063 916 1118 orta
938 1057 1141 1119 controversia
1156 1073 1235 1137 opus

148 1153 286 1217 ediderat
314 1155 491 1218 «adversus
516 1169 647 1234 nuperas
674 1153 823 1232 quasdam
852 1169 944 1234 super
959 1154 1078 1218 eadem
1106 1156 1248 1219 materia·

147 1254 371 1333 scriptiones»,
389 1254 512 1317 tandem
528 1271 556 1316 a.
573 1253 653 1315 1743
669 1269 814 1333 magnum
831 1254 863 1315 in
878 1253 976 1317 lucem
992 1253 1076 1317 dedit
1091 1256 1235 1318 volumen

146 1355 194 1417 De
214 1353 320 1416 usuris
342 1353 435 1416 licitis
455 1359 484 1417 et
504 1352 634 1427 illicitis,
651 1360 735 1415 tanta
757 1353 901 1416 refertum
924 1353 1105 1428 eruditione,
1123 1361 1157 1417 ut
1176 1354 1235 1418 sub

145 1454 205 1515 hoc
220 1459 358 1532 respectu
373 1452 508 1531 primum
523 1450 611 1514 facile
628 1450 728 1513 locum
741 1450 819 1513 inter
832 1467 924 1530 opera
936 1451 973 1514 de
985 1467 1077 1514 usura
1088 1467 1123 1514 eo
1136 1468 1234 1530 usque

145 1551 314 1631 composita
326 1550 475 1613 obtineret
490 1550 537 1626 (a).
550 1550 618 1612 Non
632 1548 806 1611 mirandum
818 1565 891 1612 sane
902 1550 984 1612 hunc
998 1549 1110 1612 lihrum
1126 1550 1231 1612 evolu-

144 1764 263 1832 donyma
276 1764 524 1830 amstelodamtque
535 1765 676 1831 impressa.
690 1764 802 1819 Nomina
816 1767 959 1819 auctorum
975 1778 1037 1819 vera
1055 1764 1234 1820 inveniuntur

143 1846 276 1913 pleraque
287 1846 359 1913 apud
371 1848 559 1910 Bnoaoansnn,
572 1847 614 1899 De
630 1848 720 1899 usuris
736 1847 817 1900 licitis
832 1852 857 1898 et
873 1847 985 1900 illicitis.
999 1845 1073 1909 1713,
1088 1861 1115 1911 p.
1128 1844 1178 1901 915
1189 1861 1232 1913 sq.

154 1980 156 1983 .
177 1930 212 1993 (1)
226 1929 396 1985 Broedersen
413 1942 512 1994 magno
530 1929 655 1985 tractatui
674 1942 725 1983 suo
744 1929 785 1981 De
797 1931 888 1981 muris
907 1930 987 1981 ticitis
1005 1933 1031 1981 et
1048 1930 1151 1982 illicitis
1170 1929 1235 1985 suls·

143 2012 255 2079 scripsit
274 2030 281 2067 :
300 2012 435 2067 «auctore
452 2010 561 2066 Nicolao
579 2009 756 2074 Broedersen,
777 2012 887 2075 pastore
906 2011 1156 2065 romono-catholico
1174 2012 1235 2068 ilel-

143 2095 246 2161 phis»;
266 2106 409 2160 perperam
427 2106 500 2155 sane,
520 2107 583 2148 eum
602 2095 657 2147 tota
677 2092 752 2147 illius
769 2092 902 2159 temporis
914 2092 1027 2148 historia
1041 2095 1130 2158 pateat
1142 2092 1233 2159 ipsum

143 2175 231 2232 luisse
241 2189 275 2231 ex
287 2176 425 2241 primariis
435 2174 591 2240 jansenistis
603 2173 796 2229 schismaticis.

176 2258 211 2320 (l)
228 2258 317 2313 Series
334 2271 460 2323 operum,
474 2258 503 2311 in
518 2257 569 2313 huc
584 2256 770 2313 controversia
788 2257 964 2321 scriptorum,
979 2256 1059 2312 nohis
1071 2254 1180 2312 videtur
1191 2258 1232 2312 sic

143 2340 279 2407 ponenda.
292 2340 441 2395 Barohman
454 2353 572 2405 pugnam
585 2342 679 2396 eontra
691 2342 793 2393 reditur
805 2342 973 2405 susceperat,
986 2353 1106 2405 moxque
1124 2339 1234 2405 prodie-

144 2426 219 2489 runt,
230 2422 1074 2489 annotrainaipsiusdefendendamthesimqnatoorscripta
1084 2423 1230 2489 :primum

146 2506 229 2559 Casus
239 2508 333 2571 positio
344 2509 417 2560 circo
433 2508 535 2559 reditus
552 2508 687 2571 utrimque
704 2505 868 2559 redimibiles
873 2522 883 2569 ,·
901 2504 975 2564 dein.
988 2505 1094 2559 iterata
1104 2507 1232 2558 omousio

144 2590 304 2651 quaestionis
315 2590 388 2641 eirea
399 2590 501 2641 reditus
512 2590 646 2652 utrimque
658 2588 837 2650 redirrribiies;
848 2587 941 2651 tertio,
952 2588 1095 2651 Appendioe
1104 2589 1139 2640 aa
1150 2588 1232 2640 Casan

142 2673 300 2736 positionem
311 2674 385 2723 circa
401 2672 503 2723 reditus
518 2673 654 2735 utrimque
669 2670 834 2723 redimibiles
850 2672 878 2722 in
897 2684 949 2733 qrra
959 2672 1060 2733 prioris
1071 2672 1233 2735 quaestionis

143 2754 271 2807 resolutio
289 2754 427 2805 etucbtutis
444 2752 641 2817 difficultatibus
658 2752 850 2815 confirmatum·
868 2750 987 2814 tandem,
1001 2750 1156 2815 Rbfutation
1169 2752 1230 2805 d'un

143 2837 211 2890 e‘erit
228 2835 262 2887 od
280 2836 332 2888 t'on
351 2834 448 2887 tacboit
465 2837 497 2887 de
509 2834 629 2900 justitier
647 2834 755 2887 t'usare.
770 2832 843 2897 Quae
861 2832 961 2898 scripta
979 2834 1099 2898 quatuor
1118 2833 1234 2889 collecta

143 2920 209 2974 sant
221 2918 249 2972 in
261 2931 358 2981 unum,
371 2916 468 2972 eodem
479 2930 550 2971 anno
562 2915 637 2975 trit,
647 2915 699 2970 suh
712 2914 793 2970 titulo
805 2934 813 2969 :
828 2916 912 2967 Vario
923 2918 1024 2979 scripta
1034 2918 1108 2969 circo
1119 2930 1232 2970 usuram

142 2999 275 3065 inquibus
293 3000 460 3063 potissimum
479 3000 639 3062 expenditur
657 2999 719 3062 quid
736 2999 769 3050 de
787 2997 915 3050 reditibus
932 3011 995 3062 quos
1010 3000 1145 3064 utrimque
1161 3001 1232 3052 redi·

142 3082 247 3135 mibites
265 3085 368 3143 vocant,
387 3082 421 3132 sit
438 3082 614 3133 sentiendum.
637 3078 742 3143 Quibus
762 3078 883 3144 scriptis,
905 3081 1049 3145 postquam
1070 3094 1126 3135 non
1146 3079 1231 3135 semel

142 3165 328 3235 manuscripta
345 3177 475 3229 responsa
494 3162 569 3219 dedit
586 3160 629 3224 (ol.
651 3161 784 3227 praefatio
805 3162 914 3228 operis),
935 3163 1069 3219 Nrcomus
1090 3164 1233 3219 Bnoanan-

143 3262 192 3303 suu
204 3246 347 3313 respondit
358 3259 442 3312 opere
458 3246 598 3299 Tractatus
607 3245 693 3298 breuis
701 3248 734 3298 de
743 3245 872 3299 reditibus
880 3248 1015 3310 utrimque
1027 3246 1230 3301 redimibitrbus.

141 3330 263 3397 Delphis,
276 3329 386 3389 Holzen.
402 3326 473 3383 trit.
487 3327 534 3383 Cui
552 3326 629 3392 operi
647 3325 771 3392 adjunxit
789 3328 884 3379 Lettre
901 3342 950 3379 sur
966 3329 991 3379 te
1006 3329 1074 3392 suiet
1086 3330 1119 3380 de
1131 3328 1231 3381 i'usure
1247 3368 1250 3372 .

142 3415 225 3468 irrite
235 3428 288 3477 por
298 3411 342 3476 feu
355 3414 380 3465 te
391 3414 465 3465 sieur
481 3410 549 3463 Jean
567 3413 599 3462 de
614 3409 726 3476 Launop
738 3408 831 3470 †1678
846 3410 883 3475 (p.
897 3408 1023 3475 tor-titt,
1036 3424 1118 3475 quam
1130 3412 1229 3476 episto

142 3497 197 3552 lam
207 3496 242 3551 ab
254 3496 314 3561 ipso
327 3495 446 3560 primum
458 3496 524 3548 tuno
536 3492 640 3557 vulgari
653 3491 762 3547 latetur.
771 3518 804 3527 -
815 3492 955 3557 Notemus,
974 3506 1023 3558 per
1043 3495 1226 3558 transennam,

141 3577 226 3645 huius
246 3576 379 3643 epistolae
400 3574 569 3631 authentiam
589 3572 764 3630 vehementer
791 3576 946 3639 suspectam
976 3587 1037 3630 esse
1064 3572 1107 3637 (cl.
1136 3574 1171 3629 de
1198 3588 1229 3629 eo

144 3662 254 3716 Courtes
271 3659 450 3712 obseruatione
467 3672 516 3710 sur
533 3671 584 3709 une
596 3658 675 3709 lettre
686 3656 815 3709 attribute
832 3658 849 3708 d
866 3654 911 3719 feu
922 3656 1062 3709 Monsieur
1072 3659 1105 3708 de
1116 3656 1231 3723 Lounop

142 3758 177 3797 au
187 3743 256 3807 suiet
267 3745 300 3794 de
312 3742 420 3795 t'usuro.
439 3738 517 3803 1719;
532 3739 562 3794 it.
579 3739 608 3793 P.
624 3738 832 3803 Bonasamson.
849 3753 883 3802 c..
895 3740 915 3802 1,
930 3753 955 3803 p.
970 3739 1096 3800 xxxvru).
1110 3737 1230 3804 Ideoque

142 3824 238 3881 saltem
250 3837 306 3878 non
317 3823 450 3890 probatur
462 3821 536 3889 quod
549 3822 646 3877 asserit
657 3822 689 3875 lir
700 3821 774 3875 Fuurr
787 3818 857 3885 (Zur
871 3820 1026 3875 Gesobichte
1038 3825 1084 3875 des
1101 3822 1231 3875 Wucher-

142 3910 256 3970 streites,
283 3921 310 3973 p.
335 3909 360 3962 7.
386 3906 538 3972 liningen,
562 3905 665 3969 taupp.
686 3902 760 3966 1901)
780 3904 890 3970 Launoy
914 3902 999 3959 luisse
1021 3903 1242 3969 praecursorem

141 3990 243 4047 Nicolai
256 3988 424 4045 Broodersen
436 3992 464 4044 et
475 3987 610 4053 Scipionis
621 3985 716 4041 hailei.

173 4071 274 4128 lisdem
285 4072 405 4137 quatuor
416 4070 526 4136 scriptis
537 4069 688 4135 opponitur
696 4069 820 4122 Examen
829 4068 968 4132 pacificum
977 4068 1072 4132 scripti
1082 4071 1126 4122 cui
1137 4071 1231 4123 titutus

145 4153 225 4207 Casus
236 4154 330 4218 positio
341 4154 414 4205 circo
432 4154 533 4205 reditus
551 4154 685 4215 uruntque
701 4150 873 4215 redimibiles,
887 4150 1043 4205 institutum
1054 4163 1105 4217 per
1117 4146 1240 4227 Theolo-J

142 4249 207 4301 gum
218 4234 420 4291 brabantinum.
432 4234 547 4301 Traiecti
558 4234 626 4298 alli„
637 4231 711 4288 1730.
726 4232 835 4288 «Verus
846 4235 942 4288 auctor
954 4232 1005 4288 hoc
1017 4233 1128 4290 nomine
1139 4238 1229 4290 tectus

1089 4337 1105 4388 3
