3242 4959
441 444 504 488 aar.
529 444 549 487 1.
574 441 706 489 ursronm
727 442 921 497 ouuasrrours.
1181 425 1221 489 66

130 612 247 669 nerent
264 622 271 668 :
289 622 381 686 quam
397 620 531 685 operam,
550 605 681 686 exempli
697 606 805 683 gralia,
823 613 972 668 navarunt
988 607 1159 669 Lroranuus
1173 605 1219 681 (ι),

129 716 260 768 senator
273 706 436 779 Niciensis,
454 705 566 786 dignus
581 705 736 769 doctrinae
752 705 887 769 Gihalini
902 704 1052 781 imitatum
1070 706 1136 767 llou
1148 705 1222 767 But·

128 822 212 869 ratu
234 808 280 883 (a),
306 805 359 884 qui
385 805 498 869 arctius
524 805 560 868 de
587 806 672 885 praxi
696 805 858 883 jndicavit;
887 806 1065 867 Bossunrrus
1089 805 1138 880 (3),
1168 803 1221 881 qui

132 904 315 983 praesertim
342 904 479 967 Grotium
503 903 707 984 oppugnando
731 919 876 967 censuras
897 903 969 965 anni
992 903 1071 965 1106
1093 918 1221 981 praepa·

133 1002 229 1079 ravit;
247 1004 292 1066 lla
307 1004 436 1066 Vouumc
452 1005 498 1080 (a),
516 1002 679 1066 advocatus
694 1002 874 1077 Tolosanus,
891 1003 942 1081 qui
959 1001 1113 1064 doctrinae
1128 1000 1221 1063 veteri

127 1103 302 1165 assentitus
322 1110 367 1166 est
388 1114 417 1165 et
438 1104 587 1182 quaedam
603 1114 706 1167 contra
722 1103 866 1183 Maignan
881 1104 999 1166 censuit
1012 1101 1218 1182 congerenda;

132 1202 301 1264 Tnourssru
307 1204 353 1279 (3),
364 1203 537 1266 celeberora
543 1203 688 1277 tedanus,
698 1202 750 1281 qui
762 1202 794 1264 in
806 1218 896 1282 opere
903 1203 1066 1281 posthumo
1078 1208 1221 1264 consueta

130 1299 307 1362 eruditione
322 1300 375 1363 sed
391 1302 533 1364 severiori
553 1302 662 1381 spiritu
685 1302 721 1364 de
744 1302 906 1364 traditione
927 1317 1050 1363 usuram
1069 1308 1222 1379 spectante

127 1398 296 1477 disseruit;
326 1400 447 1464 taudem
474 1402 507 1464 P.
533 1403 574 1465 La
596 1403 743 1465 Sancum
765 1404 812 1477 (3),
836 1402 888 1479 qui
915 1400 1034 1479 etipse
1059 1399 1222 1479 rigorismo

128 1498 275 1563 indulsit.

179 1600 264 1662 lianc
279 1600 514 1663 controversiam
529 1600 703 1679 inspicienti
718 1608 802 1679 patet
824 1600 972 1680 paulatim
993 1599 1099 1662 ambas
1121 1605 1222 1677 partes

134 1698 236 1779 magis
251 1699 409 1778 magisque
424 1698 457 1761 in
472 1698 625 1761 diversunt
644 1699 767 1763 abiisse.
787 1700 863 1763 Cum
883 1699 966 1761 enirn
986 1698 1039 1777 qui
1061 1698 1094 1758 in
1115 1696 1222 1759 usibus

129 1798 319 1861 excusandis
339 1798 535 1861 versabantur
560 1814 595 1861 eo
617 1814 713 1877 usque
736 1798 929 1877 pervenirent
953 1808 986 1859 ut
1009 1796 1072 1874 iam
1098 1794 1221 1858 nonnisi

132 1896 318 1961 verbotenus
333 1914 457 1961 usuram
473 1898 663 1972 damnarent,
678 1914 816 1977 novaque
827 1898 979 1977 principia
993 1897 1026 1958 in
1041 1896 1222 1959 catholicam

131 1995 296 2058 scientiam
318 1996 543 2060 introducerent
565 2005 608 2063 tul
630 1999 669 2059 Le
685 1998 814 2060 Correur
829 2006 858 2058 et
872 1997 1038 2074 sequaces),
1055 1993 1220 2057 adversarii

130 2108 253 2164 eorum,
272 2095 303 2155 in
324 2095 506 2158 contrariam
523 2095 603 2157 viam
625 2095 780 2171 abeuntes,
804 2110 866 2157 non
887 2093 977 2156 modo
999 2108 1222 2172 quamcumque

135 2208 262 2256 usuram
283 2194 495 2274 reprobabant,
521 2194 574 2257 sed
595 2194 657 2257 irno
679 2194 891 2272 quodcumque
915 2193 1010 2256 ferme
1031 2192 1149 2255 lucrum
1172 2208 1224 2271 pe·

129 2292 226 2355 cunia
247 2302 379 2372 parturn,
405 2293 480 2357 adeo
502 2301 535 2355 ut
556 2301 727 2357 contractus
748 2292 891 2355 maximis
915 2292 1065 2371 theologis
1086 2307 1140 2369 per
1160 2289 1220 2353 duo

130 2393 258 2455 saecula
273 2394 427 2473 probatos,
443 2410 552 2473 nempe
563 2403 749 2457 contractum
762 2393 875 2456 trinum
888 2401 918 2455 et
928 2408 1054 2457 censum
1069 2391 1221 2469 utrimque

131 2492 352 2569 redimibilem,
369 2503 403 2556 ut
418 2494 610 2557 vehementer
625 2493 661 2556 de
676 2507 768 2555 usura
783 2502 941 2571 suspectos
960 2491 1116 2554 haberent.
1134 2488 1222 2563 Quod

137 2590 364 2669 phoenomenon
386 2609 446 2655 non
466 2592 504 2655 ad
524 2593 603 2655 hanc
617 2592 714 2654 solam
736 2591 945 2670 quaestionem
961 2590 1102 2671 pertinet,
1120 2588 1173 2651 sed
1189 2587 1222 2648 in

133 2689 243 2753 multis
264 2691 432 2771 theologiae
453 2692 578 2755 moralis
596 2691 682 2767 locis,
706 2690 762 2753 suh
781 2690 898 2751 inlluru
919 2686 1023 2751 lorsau
1041 2686 1221 2765 Jansenismi

168 2954 202 3016 ll)
218 2954 388 3017 Lnoranuus,
410 2953 493 3007 Lihcr
515 2954 661 3017 scapularis
681 2954 713 3003 de
732 2954 822 3003 usuris
842 2956 868 3003 et
888 2950 1064 3003 contrectabas
1086 2950 1221 3003 usurario

131 3040 294 3092 mouendis.
309 3036 442 3103 Lugduni,
456 3036 535 3101 loom
550 3037 649 3092 ilerum
661 3035 753 3091 editur
764 3035 883 3091 venetiis
895 3049 919 3089 a.
933 3034 1006 3089 1161.

167 3120 201 3182 (i)
217 3120 352 3180 Buranun,
365 3120 404 3172 Le
421 3117 488 3181 saux
506 3120 591 3183 depol,
610 3132 644 3171 oo
661 3116 817 3180 Rdsttlution
835 3120 867 3170 de
884 3119 1007 3181 quelques
1019 3130 1131 3169 errcurs
1141 3129 1219 3179 popu·

130 3203 219 3254 laires
239 3202 363 3254 laudaut
384 3202 491 3256 l'usure.
513 3201 599 3263 lions,
620 3200 698 3265 1611;
721 3214 790 3255 nova
809 3199 895 3255 editio
912 3212 938 3253 a.
957 3195 1192 3253 1160366111610
1211 3214 1219 3252 ι

140 3285 232 3337 Truild
243 3287 275 3337 dc
291 3283 397 3337 l'usure.

167 3366 201 3429 (3)
218 3367 347 3431 Bossunr,
373 3366 466 3419 Trultd
483 3368 515 3419 de
534 3366 642 3421 l'usure.
662 3364 737 3423 1686.
763 3366 854 3430 Quoad
879 3366 1060 3429 Bossuelium,
1082 3363 1116 3420 cl.
1138 3364 1220 3419 etiam

133 3448 165 3502 ,1.
178 3449 341 3511 Resainan,
360 3449 400 3502 Ua
411 3448 547 3516 frapmcat
564 3450 647 3503 duddi!
665 3452 697 3502 de
715 3450 829 3502 Bossuet
843 3462 894 3501 sur
910 3450 949 3502 les
960 3450 1033 3513 prela
1044 3453 1071 3500 et
1082 3450 1221 3511 ampo-unu

136 3533 273 3583 usuruires
291 3534 338 3584 dea
354 3530 482 3595 (ermicrr
499 3532 638 3597 pe‘ncruurr
655 3540 680 3584 et
698 3534 743 3585 des
761 3530 959 3592 sous-formiam
980 3531 1081 3594 (Reque
1096 3530 1217 3591 Boasuet,

137 3612 220 3673 Paris,
235 3612 308 3675 1961,
323 3627 350 3679 p.
364 3616 378 3668 l
392 3614 448 3675 ss).
459 3640 492 3649 —
501 3614 654 3679 Proposilio
667 3613 720 3668 Llll
731 3626 801 3667 anuo
813 3612 879 3668 l'l0ll
890 3626 906 3665 a
917 3613 991 3667 clero
1003 3612 1135 3677 gallicano
1146 3610 1219 3664 darn·

131 3698 196 3751 :nala
214 3695 356 3753 manifeste
374 3696 461 3752 ierlur
479 3701 574 3752 oonlra
592 3698 725 3753 theoriam
743 3696 945 3752 calvinianam:
963 3698 1073 3751 «Usura
1084 3695 1135 3751 elsi
1147 3694 1220 3749 asset

137 3778 275 3843 prohibita
294 3778 413 3837 ludaeis.
435 3793 490 3834 nou
510 3781 600 3835 lamen
619 3779 786 3842 christianis,
808 3779 868 3845 lege
888 3780 974 3835 veleri
995 3779 1023 3833 in
1044 3776 1220 3847 judicialibus

137 3864 263 3925 ¹praecept
252 3862 288 3916 lis
299 3861 399 3916 abolita
411 3875 461 3927 per
472 3860 643 3917 Christum».
657 3860 693 3918 61.
706 3875 830 3927 suprap.
844 3861 886 3924 10,
899 3875 927 3915 n.
940 3860 965 3915 l.

168 3942 201 4005 ll)
219 3944 256 3998 ΒΕ
269 3944 399 4007 Vounmc,
412 3946 454 3997 De
466 3945 565 3997 l'ttsttre
582 3950 607 3997 el
623 3947 669 3999 des
684 3946 758 3997 ornis
774 3959 881 4011 moyeus
896 3947 930 3998 dc
945 3944 1047 3997 l’dvitcr
1058 3956 1110 4005 pur
1123 3941 1220 4067 l‘ttvape

134 4026 168 4077 da
178 4028 267 4078 divers
279 4031 397 4079 contruls
409 4027 502 4081 licitas.
515 4026 647 4093 Arignou,
661 4024 735 4082 1681.

167 4104 200 4168 (5)
218 4108 246 4162 L
261 4106 423 4171 Tuouassuv,
441 4109 535 4161 Trurlc
546 4110 582 4161 do
593 4109 698 4175 Napoca
710 4114 736 4161 el
747 4111 780 4163 dc
792 4109 810 4161 ι’
816 4110 911 4161 lisura.
924 4106 1008 4169 Paris,
1021 4104 1095 4161 1691.

167 4188 202 4252 (6)
219 4193 248 4248 Ρ.
262 4193 298 4249 Lu
310 4193 452 4258 Sumuntur,
467 4191 627 4255 Confereooc
638 4196 671 4247 dc
682 4194 767 4247 Paria
777 4208 849 4247 sor
840 4193 857 4232 l’
863 4193 947 4245 Usure
958 4190 984 4253 (6
996 4190 1048 4245 vol.
1051 4191 1070 4252 ).
