3242 4959
459 427 523 472 oar.
542 426 574 472 rr.
591 427 629 472 un
643 426 807 472 mnrnroru
823 426 948 472 oururrr.
1185 408 1250 474 285

160 599 269 665 careat,
287 589 427 670 quamvis
448 589 530 654 idem
552 590 608 653 sub
629 589 690 652 alio
711 599 850 669 respectu
871 590 1001 654 debitori
1022 590 1179 665 tribuerit;
1203 591 1247 656 ita

160 706 215 754 nec
229 690 390 770 objiciatur
405 691 544 766 alterum,
562 707 631 754 oum
646 691 872 770 aequivalenter
889 700 1027 772 negetur,
1044 708 1105 755 non
1126 702 1248 757 tantum

160 790 258 870 quoad
271 789 438 854 debitorem
449 789 503 854 sed
514 791 607 853 etiam
623 790 722 870 quoad
734 791 925 866 creditorem,
938 790 1077 871 probatio
1087 793 1243 856 contrarii.

199 892 321 964 Atvero,
344 891 493 953 sententia
518 891 603 965 haec,
631 891 771 970 quamvis
798 891 933 970 aliquam
958 891 1090 970 speciem
1115 907 1189 971 prae
1211 908 1250 955 m

159 987 245 1063 ierat,
264 989 289 1052 si
305 989 362 1051 rite
376 988 527 1069 principia
550 988 587 1052 de
608 997 715 1052 natura
735 990 883 1070 pecuniae
904 997 933 1051 et
954 989 1096 1069 capitalis
1115 1006 1246 1070 perpen-

159 1086 283 1164 duntur,
312 1088 469 1168 probanda
498 1104 560 1152 non
592 1088 721 1151 videtur.
750 1089 906 1168 Imprimis
934 1107 973 1152 ne
999 1089 1145 1154 fallamur
1172 1106 1249 1154 vooe

162 1187 383 1252 «instrumenti
399 1209 427 1263 v,
445 1189 524 1251 sicut
545 1205 601 1250 nec
624 1189 770 1268 pecuniae
788 1189 974 1252 «fecundae
988 1212 1016 1264 v,
1037 1205 1119 1270 «per
1133 1207 1166 1252 se
1181 1189 1247 1253 lru·

159 1285 315 1366 gifardo»,
333 1287 430 1350 aliove
446 1275 589 1366 loquendi
612 1287 703 1352 modo
719 1311 726 1348 ι
744 1288 875 1367 pecunia
897 1288 979 1350 enim
1001 1295 1104 1350 manet
1125 1304 1249 1370 semper

160 1385 240 1465 quod
262 1395 308 1449 est
329 1386 547 1462 essentialiter;
575 1387 614 1450 ad
636 1385 716 1466 quod
739 1387 867 1450 inservit
889 1387 1101 1460 essentialiter,
1124 1387 1163 1450 ad
1188 1389 1248 1452 boc

159 1485 302 1548 inserviet
316 1501 451 1565 semper;
468 1485 550 1565 quod
569 1502 606 1548 ex
625 1486 732 1549 eadem
754 1502 808 1566 per
830 1485 993 1548 essentiam
1015 1493 1113 1549 ortum
1134 1486 1248 1550 ducere

159 1584 274 1662 nequit,
299 1600 361 1647 non
383 1584 497 1647 orietur
517 1600 552 1646 ex
574 1601 609 1646 ea
630 1599 777 1663 unquam.
806 1584 938 1647 Pecunia
962 1599 1035 1664 ergo
1060 1591 1106 1646 est
1129 1585 1247 1647 instra-

159 1688 294 1745 mentam
318 1683 536 1762 nepotiotionis
558 1691 707 1761 quatenus
729 1683 768 1746 ad
790 1683 1053 1758 commutationes,
1076 1700 1112 1746 ex
1134 1684 1248 1763 quibus

160 1780 277 1844 lucrum
300 1781 431 1844 mediate
451 1782 534 1844 nasci
555 1791 664 1862 potest,
688 1781 865 1859 adbibctnr;
889 1791 918 1846 et
943 1783 1178 1846 instrumentum
1200 1792 1248 1848 est

159 1881 342 1956 uniuersale,
360 1889 509 1961 quatenus
524 1882 562 1945 ab
578 1882 720 1945 omnibus
735 1881 825 1946 facile
840 1882 872 1945 in
887 1883 968 1946 huno
983 1883 1073 1946 linem
1088 1883 1141 1945 tali
1154 1882 1247 1948 modo

160 1980 296 2044 adhiberi
323 1990 432 2061 potest.
455 1981 542 2046 Unde
567 1983 599 2045 in
625 1983 760 2057 veritate,
786 1981 1026 2062 praescindendo
1050 1982 1181 2046 amodo
1203 1984 1249 2048 lo-

160 2079 284 2160 quendi,
313 2081 440 2160 pecunia
466 2081 498 2143 in
521 2098 554 2144 se
574 2089 620 2144 est
641 2080 722 2160 quod
744 2097 865 2160 semper
886 2080 959 2156 luit;
982 2080 1063 2160 quod
1085 2089 1186 2144 autern
1208 2082 1247 2146 de

159 2178 238 2243 lacto
253 2196 290 2242 ex
304 2179 433 2259 pecunia
449 2178 594 2242 facillime
608 2196 643 2243 ac
658 2180 824 2242 universim
840 2180 909 2259 quis
929 2179 1040 2243 lucrari
1061 2180 1169 2258 possit,
1187 2180 1246 2244 hoo

159 2286 300 2340 naturam
315 2278 412 2357 ipsius
428 2294 462 2342 ac
477 2295 566 2341 usum
582 2294 644 2342 non
655 2286 762 2341 mutat.
776 2279 869 2358 Atqui
885 2286 992 2340 natura
1004 2277 1145 2340 illiusest
1160 2277 1242 2354 talis,

158 2383 191 2438 ut
216 2392 291 2438 usus
317 2376 401 2439 illius
427 2375 606 2456 principalis
631 2393 692 2439 non
721 2377 761 2439 sit
789 2385 909 2456 praeter
934 2376 1069 2438 valorem
1097 2375 1246 2455 pecuniae

158 2474 256 2554 pretio
282 2473 494 2538 aestimabilis.
522 2475 602 2554 Ergo
628 2491 701 2537 usus
720 2475 976 2537 «instrumenti»
1000 2472 1096 2547 illius,
1123 2472 1245 2535 etiamsi

158 2572 352 2647 universalis,
370 2579 493 2635 nonest
511 2572 611 2651 pretio
631 2573 847 2644 aestimabilis;
865 2586 971 2651 ergocr
988 2569 1077 2633 edero
1100 2569 1244 2632 «instru-

159 2681 295 2736 mentum
310 2695 337 2748 i,
356 2689 417 2736 non
432 2673 524 2736 estin
540 2689 572 2736 se
587 2674 796 2753 appretiabile.

198 2774 249 2845 tt,
264 2771 379 2846 dicunt,
395 2780 475 2834 -et
490 2771 532 2834 ita
543 2771 585 2833 rei
598 2770 751 2833 cardinem
767 2769 945 2849 attingimus
956 2801 997 2814 ·-
1008 2767 1245 2830 instrumentum

159 2885 239 2932 nunc
253 2869 288 2931 iu
301 2887 334 2932 se
347 2870 438 2933 babet
456 2868 744 2943 aestimabilitatem,
761 2884 823 2931 non
844 2867 931 2947 quasi
953 2867 1039 2929 illam
1059 2866 1184 2930 baberet
1207 2883 1244 2930 ex

158 2975 265 3030 natura
292 2985 346 3031 sua
371 2967 425 3031 scd
451 2969 521 3048 quia
546 2967 633 3030 illam
658 2975 738 3030 tenet
761 2983 854 3029 sensu
881 2983 916 3029 ao
941 2965 1150 3028 aestimatione
1176 2981 1243 3028 om·

160 3066 244 3128 nium
265 3069 299 3143 (t)
318 3083 325 3128 :
341 3082 403 3129 non
426 3083 513 3130 secus
534 3081 569 3128 ac
592 3065 711 3140 domus,
734 3065 780 3129 vel
803 3064 886 3145 equi,
908 3079 1037 3143 quorum
1060 3079 1135 3126 usus
1153 3063 1187 3125 in
1210 3079 1245 3126 se

189 3340 223 3403 (ll
239 3341 393 3397 Notandum
416 3343 458 3398 est
477 3342 608 3406 patronos
631 3342 781 3407 praesentis
801 3342 952 3398 sententiae
974 3343 1077 3400 multos
1099 3342 1244 3399 admittere

158 3422 256 3488 loenus,
270 3425 344 3490 ouod
357 3425 546 3481 aestimatione
563 3425 701 3481 communi
721 3424 849 3480 omnibus
867 3425 1051 3481 oreditoribus
1066 3427 1108 3482 est
1123 3425 1244 3480 tribuen-

158 3503 233 3568 dum,
246 3507 396 3572 ducendum
408 3519 468 3561 esse
480 3506 502 3560 si
517 3506 544 3559 in
555 3519 619 3561 casu
633 3505 789 3571 particulari
802 3505 932 3562 creditori
944 3506 1015 3562 adsit
1030 3506 1128 3562 titulus
1143 3504 1245 3571 aliquis

159 3587 328 3642 extrinsecus
346 3587 481 3652 specialis.
495 3588 536 3651 At,
557 3587 579 3641 si
597 3585 701 3653 justum
720 3585 810 3642 foenus
828 3587 994 3654 supponitur
1011 3588 1158 3642 ullimntim
1175 3586 1244 3641 oriri

158 3681 190 3722 ex
210 3668 400 3723 aestimatione
417 3668 568 3732 communi,
590 3681 653 3723 oum
673 3666 834 3722 admittatur
852 3668 959 3723 etiamsi
980 3681 1036 3722 non
1054 3667 1125 3722 adsit
1144 3667 1244 3723 titulus

158 3750 338 3814 extrinsecus,
350 3763 401 3805 our
416 3749 450 3804 ad
466 3748 622 3815 augendum
640 3749 792 3804 auctarium
805 3749 947 3805 invocatur
958 3749 1058 3809 titulus
1067 3749 1202 3814 specialis,
1214 3752 1245 3806 et

159 3832 317 3896 praesertim
330 3845 447 3887 ournon
464 3831 619 3887 admittitur
637 3831 664 3885 in
682 3831 846 3886 contrariam
864 3834 978 3896 partem,
992 3831 1052 3886 scil.
1070 3829 1103 3885 ad
1120 3831 1243 3888 minuen-

159 3915 224 3972 dum
242 3916 284 3972 vel
302 3915 481 3972 auferendum
499 3915 668 3971 auctarium?
685 3914 738 3970 Neo
756 3913 908 3980 allegentur
928 3913 1034 3980 objecta
1053 3928 1123 3982 ouae
1142 3913 1243 3971 habent

158 3999 280 4055 usumin
292 4012 321 4053 se
332 3997 528 4054 aestimabilem
539 4016 545 4052 :
557 3995 695 4052 nonenim
705 3996 782 4052 adest
793 3996 903 4062 paritas,
916 3996 969 4052 nisi
981 3995 1089 4052 dicatur
1099 3997 1244 4063 pecuniam

158 4077 210 4144 iam
224 4080 324 4136 babere
334 4093 416 4135 usum
428 4094 443 4134 a
455 4079 543 4144 seipsa
555 4077 728 4144 distinctum;
742 4080 844 4142 atvero,
855 4076 907 4133 boc
918 4079 1053 4134 assertum
1065 4079 1139 4134 omni
1150 4090 1245 4133 carere

160 4159 344 4227 fundamento,
358 4159 720 4228 suilloienterprobuvimus.
1231 4172 1235 4181 ·
