3242 4959
404 466 469 516 car.
486 469 507 515 r.
522 467 644 516 earnem
660 453 735 524 duan
750 451 933 516 cunnuurun.
1151 449 1215 518 223

125 628 231 694 labore
248 617 387 695 valorem
404 631 489 713 gigni
510 630 770 707 commutabilem,
791 630 884 695 simul
903 630 1065 696 adstnrunt‘
1084 629 1214 714 capitale

125 743 219 791 sensu
234 729 385 794 latissimo
408 731 607 802 intellectum,
629 730 790 810 pecuniam
812 730 875 794 imo
897 729 1068 806 includens,
1091 746 1216 811 semper

124 841 193 890 esse
205 825 430 907 productivum,
444 829 513 893 ideo
524 829 659 909 praecise
670 828 742 909 quia
759 828 791 890 in
807 843 841 891 se
855 828 922 908 ipso
936 827 1058 892 exhibet
1071 842 1214 894 summan

124 924 266 989 laborum
291 925 493 1003 indefinitam,
516 925 884 1007 cuiusvis'intelligantur
902 926 1029 991 formae.
1052 929 1114 992 Nec
1133 928 1215 993 banc

124 1031 230 1086 tamen
240 1024 472 1104 explicationem
484 1025 685 1100 admittimus,
696 1035 771 1096 tum,
786 1025 865 1088 inter
875 1024 947 1100 alia,
958 1025 1030 1105 quia
1040 1041 1103 1090 non
1113 1025 1212 1106 expli-

123 1131 176 1186 cat
200 1139 278 1203 quae
307 1123 486 1204 explicanda
511 1133 592 1198 sunt,
620 1133 684 1189 tum
711 1125 782 1204 quia
812 1125 989 1188 cohonestat
1017 1140 1095 1206 quae
1119 1127 1212 1190 cobo-

124 1221 274 1286 nestanda
289 1239 349 1286 non
367 1222 506 1286 videntur
521 1240 529 1286 :
546 1223 658 1286 etenim
673 1223 777 1304 primo
789 1239 852 1287 nou
866 1223 997 1304 explicat
1010 1222 1065 1287 cur
1079 1239 1169 1289 nemo
1180 1225 1213 1290 in

124 1321 220 1384 rebus
242 1320 434 1385 naturalibus
458 1321 683 1386 commutandis
707 1320 747 1384 ad
773 1321 874 1386 solum
900 1322 1043 1402 respiciat
1064 1322 1211 1400 laborem,

125 1435 197 1484 cum
212 1416 308 1485 multa
322 1428 423 1484 extent
436 1436 514 1501 quae
532 1421 609 1485 tanti
623 1420 744 1484 valeant
757 1429 787 1484 et
801 1420 918 1501 aliquid
940 1421 1054 1485 laboris
1074 1422 1125 1484 vix
1139 1438 1214 1486 cou-

124 1519 262 1595 tineant;
289 1527 320 1582 et
344 1518 454 1584 deinde
478 1520 655 1584 cohonestat
682 1519 800 1600 aliquid
825 1536 916 1600 posse
940 1521 1052 1585 babere
1075 1520 1212 1586 valorem

124 1615 323 1689 vendibilem,
342 1616 424 1698 quod
444 1633 506 1682 non
526 1618 651 1682 baberet
671 1617 833 1682 utilitatem
854 1618 1076 1682 aestimabilem
1097 1635 1105 1682 ε
1129 1617 1213 1700 quod

123 1714 281 1794 imprimis
294 1715 441 1796 pecuniae
454 1716 600 1798 applices,
619 1732 696 1796 quae
716 1716 820 1781 labore
841 1716 1026 1796 acquiratur,
1043 1725 1074 1780 et
1094 1725 1208 1794 tamen,

125 1820 159 1877 ut
176 1814 241 1893 jam
255 1832 291 1878 ex
313 1815 403 1880 dictis
423 1824 516 1897 patet,
534 1831 596 1880 non
615 1812 732 1881 babeat
745 1816 853 1895 quavis
875 1817 907 1879 in
926 1817 1086 1898 hypothesi
1107 1835 1210 1897 usum,

125 1923 246 1996 praeter
261 1915 360 1996 ipsam
375 1917 548 1996 pecuniam,
565 1917 809 1998 appretiabilem.

170 2012 284 2086 Quodsi
306 2029 377 2091 ergo
399 2013 511 2078 falsum
533 2024 579 2080 est
592 2013 727 2080 valorem
749 2014 998 2079 commutabilem
1012 2016 1158 2095 quemvis
1178 2033 1216 2082 ex

127 2111 195 2175 sola
209 2112 325 2175 hauriri
341 2112 492 2177 industria
506 2115 651 2191 bumana,
669 2130 708 2177 an
723 2114 833 2178 exinde
844 2114 908 2193 jam
923 2114 1059 2178 vicissim
1078 2116 1216 2195 sequitur

126 2210 186 2274 boe
202 2227 209 2274 :
227 2227 336 2292 nempe
357 2212 390 2275 in
411 2212 521 2293 queuis
541 2212 677 2276 utilitate
696 2229 749 2276 seu
765 2214 873 2294 quovis
889 2229 963 2276 usus
979 2211 1092 2289 caloae,
1110 2213 1214 2279 labore

126 2309 277 2390 praeciso,
301 2311 358 2374 niti
378 2312 470 2375 etiam
494 2312 628 2394 aliquem
651 2312 783 2397 valorem
808 2311 1066 2387 commutabilem,
1094 2328 1149 2376 seu
1172 2329 1213 2377 an

125 2409 265 2487 sequitur
289 2411 429 2489 quamvis
454 2411 616 2475 utilitatem
642 2410 755 2474 realem
782 2427 818 2474 ac
842 2409 1022 2489 objectivam
1047 2425 1115 2472 esse
1138 2427 1213 2474 veu-

126 2506 276 2571 dibilemi
297 2507 407 2588 Utique
422 2509 561 2590 sequitur
581 2508 635 2572 illa
656 2509 824 2584 conclusio,
848 2507 1014 2574 dummodo
1035 2515 1216 2573 condoletur

124 2607 177 2685 J'us
197 2607 393 2687 proprietatis
417 2609 563 2688 privatae.
588 2610 720 2684 Etenim,
745 2608 945 2689 supponendo
966 2617 995 2670 te
1015 2607 1095 2685 juste
1117 2608 1214 2688 possi-

127 2703 200 2768 dere
225 2720 290 2768 rem
312 2721 389 2785 quae
409 2723 512 2770 veram
534 2707 688 2772 contineat
712 2707 848 2787 aliquam
868 2706 1043 2781 utilitatem,
1065 2722 1120 2769 seu
1139 2721 1215 2770 usus

126 2803 274 2878 valorem,
292 2819 328 2868 eo
343 2805 410 2885 ipso
426 2805 565 2886 possides
583 2822 658 2881 rem,
676 2821 767 2886 quam
782 2821 889 2886 posses
910 2805 1045 2885 legitime
1062 2817 1132 2868 oum
1154 2805 1216 2869 alia

126 2920 160 2968 re
181 2903 249 2967 utili
272 2912 457 2988 commutare
474 2921 482 2968 t
500 2905 582 2986 quod
596 2905 657 2968 alio
678 2904 769 2968 modo
789 2903 869 2967 idem
891 2903 1065 2967 enuntiatur
1086 2902 1216 2969 dicendo
1297 2928 1299 2931 ·

127 3017 194 3066 rem
220 3009 315 3078 tuam,
338 3002 377 3066 ob
402 3002 564 3068 utilitatem
590 3017 688 3079 suam,
710 3003 864 3066 continere
890 3002 1023 3066 valorem
1048 3009 1216 3066 commuta·

126 3101 234 3177 tionis,
251 3101 386 3182 adeoque
401 3102 535 3167 valorem
550 3101 746 3166 vendibilem.
771 3101 858 3176 Quod
879 3110 1027 3165 assertum
1050 3116 1140 3165 nemo
1160 3117 1213 3164 er·

127 3215 234 3280 presse
244 3208 346 3279 negat,
360 3199 500 3279 quamvis
511 3198 689 3279 supradicti
701 3199 899 3275 auctores,ad
911 3199 1091 3264 salvandum
1102 3199 1216 3279 prinoi-

127 3297 216 3378 pium
230 3297 375 3378 positum,
393 3290 618 3377 aequivalenter
632 3298 833 3362 subsumant:
851 3297 934 3378 atqui
950 3298 1052 3362 omnis
1066 3314 1115 3361 res
1130 3297 1217 3362 utilis

128 3396 267 3459 laborem
283 3395 424 3472 includit,
438 3403 468 3460 et
482 3396 606 3477 quidem
622 3395 756 3460 laborem
772 3404 901 3470 tantum,
920 3397 1025 3475 quanti
1039 3394 1220 3460 aestimatur

128 3495 174 3558 rei
190 3494 284 3558 valor.
302 3494 360 3559 Sed
375 3495 434 3558 boc
447 3494 661 3574 subsumptam
677 3503 790 3575 quanta
806 3495 922 3558 laboret
936 3494 1134 3569 absurditate,
1147 3493 1220 3576 quis

129 3609 192 3656 non
209 3592 313 3657 videt?

109 3729 113 3736 ·
172 3692 271 3769 Unde,
289 3693 378 3757 liceat
393 3709 504 3773 ponere
519 3693 750 3758 tundamentum
768 3710 776 3756 :
793 3709 1018 3774 quamcumque
1033 3693 1077 3757 rei
1098 3691 1213 3755 utilita-

130 3800 192 3856 tem
208 3793 240 3854 in
255 3808 287 3856 se
310 3799 488 3873 spectatam,
505 3809 574 3858 vere
596 3802 625 3857 et
643 3793 723 3871 juste
745 3809 812 3856 esse
832 3792 1029 3856 vendibilem.
1047 3793 1090 3855 ile
1110 3805 1218 3854 norma

131 3899 232 3956 autem
246 3893 325 3956 iusta
341 3910 400 3973 qua
416 3893 552 3972 ejusdem
566 3893 708 3956 utilitatis
722 3893 808 3956 valor
822 3891 998 3955 mensurari
1019 3891 1137 3965 debeat,
1154 3905 1217 3952 non

132 3998 178 4054 est
196 4007 250 4056 cur
270 4009 397 4073 agamus
419 3993 590 4057 accuratius
608 4009 615 4056 :
632 3999 745 4067 utrum,
762 4009 792 4054 v.
810 4008 855 4071 g.,
872 3991 1049 4055 desumatur
1069 4006 1106 4052 en
1127 3987 1219 4050 aesti-

133 4089 265 4153 matione
280 4091 434 4154 communi
451 4095 584 4165 tanturm,
600 4090 631 4154 id
647 4097 693 4153 est
707 4106 743 4152 ex
764 4089 830 4169 lege
852 4088 946 4152 oblati
967 4096 997 4151 et
1021 4085 1160 4167 quaesiti,
1178 4101 1220 4148 an

135 4201 169 4248 ex
188 4187 396 4252 aestimatione
422 4187 577 4252 communi
599 4187 753 4268 prosimu,
781 4187 823 4249 ita
847 4193 882 4250 ut
904 4185 995 4266 buius
1019 4184 1220 4249 fundamenta
