3242 4959
434 459 495 525 186
757 495 760 504 -
802 477 1146 524 consummassent.

431 644 603 709 Cardinalis
632 645 804 722 cajetanus,
824 644 958 707 ineunte
988 644 1109 708 saeculo
1133 645 1213 718 xvi,
1237 646 1404 710 effecisset?
1428 645 1522 710 Juxta

430 741 621 815 1161666116,
636 743 684 805 661
696 743 773 805 heu!
788 743 876 804 multi
890 741 1032 806 catholici
1048 743 1253 816 consentiunt,
1271 744 1410 823 pecunia,
1420 744 1526 808 bicdio

430 857 504 904 aevo
518 841 645 915 oriente,
663 841 832 904 habebatur
847 851 879 903 ut
894 855 1021 920 prorsus
1035 841 1249 916 invendibilis;
1268 841 1388 917 deinde,
1403 842 1525 907 cultura

429 939 550 1020 generis
564 939 689 1001 humani
711 938 933 1018 progrediente,
952 942 984 1002 in
1006 940 1112 1003 multis
1133 940 1338 1004 contractibus
1359 950 1390 1004 et
1413 942 1526 1006 usibus

428 1037 602 1100 necessario
622 1047 657 1099 ut
678 1037 842 1100 vendibilis
864 1038 967 1118 agnita
989 1046 1044 1110 est,
1067 1038 1120 1101 sed
1143 1037 1528 1119 insignicontradictione

428 1145 461 1199 ut
487 1134 686 1198 invendibilis
711 1151 833 1215 semper
863 1136 920 1199 soti
950 1144 1055 1199 mrrtuo
1086 1137 1259 1216 supposita;
1288 1138 1423 1212 tandem,
1455 1148 1522 1202 crta

429 1233 667 1307 Reformatione,
682 1234 790 1296 ultima
805 1234 961 1297 doctrinae
976 1234 1153 1298 scolasticae
1166 1236 1293 1317 vestigia
1305 1245 1377 1300 sunt
1392 1236 1518 1301 abolita.

472 1335 515 1396 Ex
537 1333 680 1396 omnibus
706 1349 784 1412 quae
805 1334 963 1412 hucusque
985 1334 1022 1396 16
1045 1335 1168 1398 6611666
1190 1336 1336 1414 pecuniae
1358 1337 1526 1400 scolastica.

429 1429 642 1506 disseruimus,
671 1440 753 1511 patet
773 1432 901 1494 eandem
925 1433 1135 1496 6661616166
1156 1434 1279 1514 quidem
1302 1449 1379 1508 esse,
1405 1435 1525 1498 nedum

429 1530 521 1594 suerit
541 1531 650 1594 deleta.
683 1531 762 1593 Sane
792 1531 966 1594 labentibus
996 1531 1136 1606 saeculis,
1166 1550 1201 1596 ac
1221 1533 1382 1613 praecipue
1409 1535 1519 1598 decur-

429 1639 514 1692 rente
535 1629 656 1693 saeoulo
675 1630 754 1697 lilii.
772 1630 1008 1693 consuetudines
1023 1633 1196 1694 commercii
1220 1649 1314 1695 novae
1334 1641 1417 1695 ortae
1433 1641 1522 1710 6661,

428 1745 518 1808 quae.
532 1728 698 1807 peritorum
715 1729 873 1806 ingenium
889 1728 1066 1803 excitantes,
1083 1729 1219 1808 ejusdcm
1235 1730 1380 1806 notionis,
1399 1748 1519 1795 eorum-

427 1826 557 1905 demque
573 1827 793 1906 principiorum
815 1828 1052 1906 applicationem
1074 1829 1287 1892 multimodam
1307 1829 1515 1908 appellabant.

462 2078 582 2136 bicimus
599 2080 713 2137 eandem
731 2095 791 2137 esse
811 2084 1009 2149 quaestionem.
1029 2085 1076 2140 sed
1094 2084 1149 2140 alio
1167 2085 1219 2142 sub
1238 2088 1364 2151 respectu
1385 2105 1393 2140 :
1415 2088 1521 2143 etenim

427 2174 510 2227 supra
523 2165 654 2229 supponit
671 2165 792 2220 1616166
810 2164 924 2230 legalem
943 2179 990 2222 seu
1011 2167 1190 2222 intrinsecum
1209 2167 1340 2232 pecuniae
1351 2170 1469 2234 mutari;
1490 2172 1518 2225 61

426 2244 508 2300 661111
519 2245 637 2301 666166
648 2247 768 2302 valorem
780 2247 904 2312 legalem.
914 2251 942 2303 61
953 2261 1009 2302 666
1022 2251 1104 2312 prout
1116 2250 1237 2303 mutatus
1245 2253 1295 2312 est.
1307 2249 1520 2306 retribuendum

425 2342 494 2385 6666.
514 2329 578 2384 11616
598 2343 663 2384 1616
683 2331 815 2396 supponit
832 2330 952 2386 1616166
970 2332 1154 2387 extrinsecum
1171 2332 1281 2396 mutari,
1294 2334 1420 2398 6666116
1441 2334 1516 2390 16161

424 2415 531 2467 maneat
550 2411 657 2476 1666116
678 2417 706 2467 61
725 2412 807 2467 661111
826 2412 922 2467 mutati
940 2412 1041 2468 valoris
1059 2413 1205 2468 extrinseci
1224 2426 1279 2468 non
1297 2426 1358 2468 esse
1379 2415 1513 2471 rationem

424 2492 585 2557 habendam,
598 2495 663 2560 cuia
680 2495 747 2549 baec
764 2495 880 2550 mulatio
900 2493 1050 2550 formaliter
1067 2508 1123 2550 non
1141 2495 1228 2550 inlicit
1246 2497 1390 2560 pecuniam
1409 2497 1458 2552 sed
1472 2511 1520 2552 166-

423 2578 538 2642 pecunia
550 2581 728 2633 mensuratas.
743 2578 814 2642 Quas
832 2578 925 2633 ambas
943 2578 1095 2634 solutiones
1113 2581 1220 2633 constat
1236 2580 1264 2632 in
1281 2579 1377 2634 eodem
1390 2581 1442 2635 niti
1455 2579 1519 2636 iun·

423 2659 655 2714 dumento-Per
666 2665 839 2715 transennam
853 2664 980 2717 notemus
993 2660 1061 2715 bano
1073 2660 1220 2716 secundam
1232 2661 1407 2717 solummodo
1418 2675 1513 2728 66666·

423 2742 527 2798 116666
549 2746 659 2809 tempus
677 2745 815 2808 respicere
833 2743 1006 2806 hodiernum,
1029 2757 1092 2798 666
1111 2745 1157 2798 vix
1180 2744 1215 2799 16
1238 2745 1389 2799 mutatione
1412 2744 1518 2800 valoris

423 2823 518 2890 legalis
531 2825 613 2881 hodie
624 2831 728 2891 agatur.

456 2906 839 2974 [16161661666661166
860 2909 925 2964 alibi
945 2909 1109 2972 notavimus,
1132 2909 1245 2974 pecunia
1269 2911 1367 2964 mul-uo
1389 2909 1513 2976 subjecta

421 2988 539 3044 habetur
553 2989 705 3046 formaliter
724 2996 900 3046 616666616
920 2992 1000 3054 pretii
1020 3005 1121 3053 rerum,
1141 3005 1195 3046 non
1214 2994 1245 3047 ut
1261 2991 1380 3057 prelium
1397 2992 1512 3048 alterius

421 3071 552 3135 66666166
572 3072 692 3126 absentis
710 3091 716 3126 :
734 3073 759 3126 si
779 3073 833 3127 hoc
853 3073 935 3128 modo
956 3073 1054 3129 ultimo
1076 3073 1232 3137 haberetur,
1253 3087 1308 3128 non
1329 3079 1459 3138 ageretur
1477 3074 1517 3130 de

421 3156 527 3217 mutuo,
549 3168 644 3210 16166
666 3154 700 3210 16
720 3155 773 3210 6116
793 3158 943 3211 contractu.
966 3157 1016 3220 Qui
1036 3169 1102 3210 vero
1122 3159 1279 3212 6661166166
1299 3159 1331 3211 61
1350 3155 1517 3212 admittatur

420 3236 520 3301 166166,
543 3237 696 3302 requiritur
714 3241 744 3292 ut
762 3236 971 3294 tundamentum
990 3239 1059 3294 lucri
1077 3239 1176 3294 existat
1194 3252 1250 3293 666
1268 3239 1296 3292 16
1315 3239 1429 3304 pecunia
1442 3238 1509 3304 ipsa.

420 3319 568 3375 66161116
592 3321 745 3385 pecuniam,
768 3322 796 3376 in
817 3321 910 3376 labore
930 3337 955 3375 1.
979 3337 1005 3388 g.
1026 3323 1226 3384 contrahentis;
1252 3335 1308 3388 666
1332 3321 1432 3386 666116,
1456 3321 1513 3388 jam

420 3403 535 3467 pecunia
556 3416 609 3457 una
622 3402 652 3457 tit
665 3403 867 3468 aequivalenter
886 3405 1154 3471 166166611611661
1173 3404 1251 3460 labor
1270 3403 1317 3460 ille
1334 3418 1383 3468 per
1393 3419 1422 3458 sc
1434 3405 1511 3460 adest

420 3486 449 3541 iu
460 3486 577 3550 cambio,
591 3489 763 3541 666166166
776 3489 865 3551 166611,
879 3486 926 3542 661
939 3489 1109 3551 6116666611,
1123 3485 1170 3541 ubi
1183 3486 1217 3540 ab
1228 3485 1357 3542 omnibus
1369 3489 1401 3541 ut
1413 3485 1517 3544 titulus

417 3569 487 3626 lucri
500 3569 614 3635 ponitur
626 3568 747 3623 officium
766 3582 815 3624 seu
835 3569 913 3624 labor
930 3569 1092 3625 numerandi
1107 3589 1113 3624 ε
1127 3569 1174 3635 661
1187 3582 1253 3624 sane
1270 3572 1311 3624 est
1330 3569 1419 3633 pretio
1431 3569 1509 3624 aesti-

417 3651 534 3707 mabilis,
548 3651 622 3706 ldern
635 3650 712 3705 labor
721 3665 770 3713 per
779 3653 900 3704 66611666
909 3650 1004 3705 616666
1017 3654 1107 3716 661661
1118 3651 1146 3704 16
1159 3643 1256 3706 66166
1268 3668 1274 3705 :
1285 3653 1313 3706 et
1325 3650 1362 3705 ibi
1376 3651 1512 3708 rationem

416 3734 577 3800 attingimus
588 3733 764 3798 originariam
780 3748 831 3789 cur
849 3733 878 3787 in
895 3734 1030 3788 Montibus
1048 3737 1154 3798 11616116
1173 3737 1301 3789 mutuum
1317 3733 1509 3789 1616161666

416 3818 547 3873 66616116.
559 3817 636 3881 Quod
649 3830 714 3872 6666
727 3817 825 3872 licebat
838 3820 869 3872 ut
881 3817 1072 3872 ministrorum
1084 3817 1162 3872 labor
1173 3819 1407 3884 compensaretur.
1418 3830 1509 3883 6666-

416 3901 458 3956 116
470 3901 553 3956 11166
565 3904 692 3956 auctores
702 3901 886 3955 communiter
899 3900 1014 3956 babeant
1023 3899 1145 3956 laborem
1155 3900 1352 3964 numerandl,a
1366 3901 1514 3956 mutuante

416 3981 510 4048 611666
527 3982 699 4048 praestitum.
716 3985 748 4036 ut
764 3981 921 4036 nullatenus
940 3995 989 4047 per
1006 3995 1036 4036 se
1054 3983 1143 4047 pretio
1163 3981 1360 4038 aestimabilem
1382 4001 1389 4036 :
1410 3979 1509 4036 66166

418 4077 531 4129 prorsus
543 4063 636 4122 modo.
650 4077 706 4129 666
717 4062 793 4128 juxta
805 4076 901 4118 omnes
914 4055 1063 4118 hodiernos
1075 4064 1154 4120 liceat
1165 4063 1229 4120 duci
1241 4065 1347 4120 viarum
1365 4063 1511 4129 pecuniam

417 4158 433 4199 a
448 4145 609 4206 viatoribus,
623 4145 660 4199 ob
678 4144 799 4199 laborem
818 4144 890 4198 viam
908 4144 1080 4209 ostendendi,
1092 4145 1212 4210 exigere,
1226 4145 1350 4212 6666116
1366 4144 1438 4200 1166
1456 4143 1512 4200 tibi

416 4241 473 4282 non
484 4228 579 4284 liceret
592 4229 640 4294 oui
653 4242 717 4284 casu
730 4227 877 4282 16161166
888 4227 986 4282 1161611
1000 4228 1144 4286 indicares.
