3242 4959
162 1744 242 1806 Cum
260 1740 314 1806 hic
334 1744 451 1823 agatur
471 1745 511 1807 de
537 1741 721 1807 “immensa
742 1738 970 1823 quaestione»,
993 1760 1056 1821 qua
1077 1738 1208 1821 “magis

117 1839 288 1921 aginam,
305 1844 475 1919 jactatam,
489 1844 525 1907 et
544 1839 621 1905 hinc
641 1840 716 1906 inde
735 1844 953 1921 oppugnatam
972 1838 1123 1905 invenire
1141 1855 1206 1905 non

120 1938 163 2003 sit
175 1937 210 2002 in
223 1937 376 2003 universa
394 1938 443 2004 rei
461 1938 594 2005 moralis
611 1938 774 2005 scientia„
791 1940 847 2022 (r),
858 1942 954 2017 juvat
971 1942 1114 2004 mentem
1132 1956 1208 2019 am-

120 2036 188 2105 rire
207 2057 266 2103 eur
285 2041 320 2103 et
343 2038 496 2119 quamdo
520 2037 745 2118 perantiquam
767 2054 899 2102 causam
922 2035 1080 2101 sincitare
1101 2034 1207 2102 inten-

118 2139 245 2202 damus.

163 2240 228 2302 cur
243 2236 360 2303 iterate
381 2237 531 2303 examina
551 2241 644 2302 vetus
665 2240 747 2302 haec
766 2235 989 2303 controversia
1008 2234 1207 2301 discutienda

119 2340 183 2415 est,
198 2356 283 2414 eum,
294 2342 391 2417 juxta
406 2337 595 2419 primarium
609 2336 768 2403 scribendi
782 2336 987 2418 principium,
1001 2354 1087 2401 nova
1100 2334 1207 2416 requi·

122 2439 239 2501 rantur
261 2437 348 2501 lacta
375 2440 415 2501 ad
443 2439 557 2502 vetera
584 2436 796 2503 resumenda?
821 2439 936 2502 Nonne
963 2434 1109 2513 scientia,
1135 2437 1208 2514 post

120 2538 251 2615 longam
265 2539 361 2617 atque
370 2534 564 2601 acerrimam
577 2534 838 2616 disputationem,
850 2534 967 2601 meritc
975 2539 1046 2615 jam
1059 2531 1204 2614 quiescit,

124 2650 197 2697 cum
221 2651 370 2713 suprema
395 2632 559 2698 Ecclesiae
585 2631 760 2697 auctoritas
779 2635 969 2713 jamdudum
992 2650 1063 2698 rem
1081 2630 1207 2712 judica-

121 2729 230 2796 verit?
254 2732 297 2793 At
322 2733 496 2811 lugendum
517 2733 567 2795 est
585 2732 686 2795 talem
703 2749 844 2807 sensum,
866 2732 969 2810 quoad
989 2732 1074 2793 hanc
1095 2746 1207 2808 quaes-

120 2826 254 2905 tionem,
271 2847 291 2892 a
305 2827 448 2907 pluribus
462 2828 629 2895 catholicis
643 2832 678 2893 et
691 2827 833 2892 maxime
851 2828 1012 2909 quideme
1026 2824 1208 2907 theologiae

120 2924 253 2991 moralis
278 2925 391 3006 peritis
414 2926 595 2991 exhibitum
617 2944 699 2990 esse.
726 2926 765 2987 lit
789 2944 863 2990 cnm
891 2924 1070 3003 universas,
1096 2924 1209 3005 quibus

119 3021 256 3088 scientia
271 3028 422 3102 vexatur,
438 3024 644 3090 difflcrutates
656 3026 696 3089 de
710 3026 801 3089 lucro
815 3041 858 3087 ex
876 3023 1014 3104 pecunia
1031 3023 1121 3104 qnasi
1141 3022 1208 3089 ictu

118 3122 205 3188 oculi
218 3123 389 3189 evanuisse
406 3123 658 3201 autumaverint,
675 3123 776 3205 magis
794 3127 968 3190 dolendum
987 3127 1038 3190 est
1057 3122 1207 3189 ‹liversis-

118 3220 218 3287 simas
231 3223 319 3287 circa
332 3222 502 3302 pecuniam
515 3221 718 3303 operationes
734 3222 908 3289 hodiernos
925 3222 983 3288 vix
996 3225 1036 3287 ab
1050 3221 1127 3304 ipsis
1140 3220 1207 3302 agi·

118 3322 205 3384 tatas
225 3338 307 3386 esse.
330 3322 415 3385 Dum
431 3319 520 3399 olim,
536 3339 596 3401 per
614 3324 743 3386 saecula
760 3320 953 3402 praesertim
970 3322 1045 3383 XVI
1057 3324 1092 3386 et
1105 3321 1205 3397 XVII,

119 3420 211 3484 nulla
237 3416 323 3485 actio
350 3422 391 3484 ad
425 3418 653 3485 commercium
685 3424 834 3500 spectans
862 3419 1041 3500 peritorum
1067 3418 1207 3483 studium

118 3517 272 3598 fugiebat,
289 3521 403 3583 contra
416 3516 599 3595 hodiedum,
616 3517 762 3599 quamvis
775 3517 911 3583 infinitis
929 3521 986 3583 sub
1003 3516 1115 3584 fo1mis
1128 3516 1208 3582 acti·

119 3613 203 3680 vitas
217 3615 414 3682 oeconomica
427 3619 559 3682 evoluta
574 3615 626 3694 sit,
642 3618 763 3681 inueha
775 3620 861 3696 apud
874 3615 1058 3682 moralistas
1069 3614 1207 3696 requiris

119 3711 279 3794 principia
293 3716 356 3783 huc
370 3713 568 3794 pertinentia
582 3714 779 3780 sufficienter
791 3713 944 3793 discussa,
960 3713 1023 3779 nisi
1040 3712 1207 3795 generalia

120 3814 276 3891 quaedam
291 3811 329 3877 da
342 3816 453 3877 mutuo
467 3816 497 3877 et
510 3832 624 3878 usura
640 3816 767 3879 Revera
784 3813 979 3894 nuperrimis
997 3810 1204 3894 temporibus,

150 4032 187 4097 (l)
203 4036 244 4085 lta
268 4032 490 4100 archiepiscopus
515 4035 691 4089 laurinensis
714 4037 745 4090 Α.
770 4037 918 4102 inensem,
938 4036 968 4088 in
988 4048 1072 4102 opere
1092 4036 1207 4091 Sanctae

120 4113 289 4251 ἳθρέιοίίσαι
300 4115 374 4169 Sedis
385 4128 513 4182 responsa
524 4118 597 4171 circa
607 4118 715 4172 tucrum
731 4130 766 4171 ee·
781 4124 887 4184 mutuo,
899 4132 927 4184 p.
940 4122 966 4185 5,
978 4117 1023 4172 ed.
1036 4118 1206 4187 leodiensis,
