3242 4959
417 435 483 482 cur.
499 436 522 483 1.
537 433 946 490 euaristum·
1164 414 1228 494 Μ

130 593 585 674 mentemmentdm,
601 597 1226 678 uuemjuutatraditionalemstolastioo

135 713 208 760 rum
232 697 391 760 scientiam
419 697 470 760 bic
493 696 650 763 adstruere
674 697 776 762 conati
804 713 924 762 munus.
953 696 1059 773 unde,
1085 697 1228 778 quamuis

131 795 222 860 citati
236 803 375 860 auctores
388 795 544 860 notionem
562 795 694 877 positam
716 796 860 878 capitalis
878 795 1060 860 verbotenus
1079 795 1223 872 aderam,

131 894 179 958 ab
192 893 233 958 iis
246 893 371 958 omnino
389 893 600 970 dissenbmus,
620 911 692 958 cum
712 895 785 960 buic
805 894 923 960 uodoni
943 910 994 958 ms
1012 894 1106 960 etiam
1124 894 1227 975 primo

138 1009 197 1058 usu
221 993 474 1074 contemptibiles
494 993 687 1070 submittant,
709 1003 740 1057 et
759 1010 831 1058 cum
854 993 966 1058 deinm
986 992 1170 1058 concludant
1187 1010 1227 1060 et

139 1091 232 1156 rebus
245 1090 310 1154 illis
323 1090 449 1155 creditis
462 1090 645 1156 ideoioenus
655 1093 772 1170 justum
782 1092 985 1173 accipi,qnod
996 1107 1227 1169 earumnsus,a

139 1188 233 1254 rebus
246 1189 369 1254 realiter
378 1189 627 1271 distinguendus,
639 1191 774 1272 legitime
785 1192 943 1256 vendatur.
957 1191 1038 1256 litin
1047 1191 1227 1272 bocpuneto

130 1288 343 1352 essentialiter
354 1288 528 1352 consistunt
539 1289 1054 1370 tbeoriaemconomistamm,qnas
1066 1313 1081 1344 c
1093 1288 1227 1354 tbeorias

131 1403 244 1450 ausus»
260 1386 385 1464 (tbborie
406 1387 541 1469 d'usage,
563 1389 868 1470 Nutznngstbeorien)
882 1396 1000 1452 nocant.
1017 1389 1105 1452 Patet
1123 1397 1226 1452 autem

129 1502 178 1550 -en
198 1487 359 1568 principiis
378 1487 536 1568 bucusque
556 1489 714 1568 expositis,
734 1488 888 1569 quomodo
907 1487 947 1551 de
966 1488 1008 1551 iis
1024 1488 1226 1567 judicandum

129 1584 192 1648 sit.
209 1585 292 1660 Quae
302 1585 329 1648 si
341 1601 414 1665 prae
424 1585 523 1650 oculis
534 1586 712 1661 babeantnr,
725 1586 818 1652 etiam
828 1602 1011 1667 responsum
1022 1588 1226 1667 adaequatum

137 1683 285 1748 omuibus
298 1684 487 1766 mgumentis
501 1685 540 1749 ab
555 1686 618 1750 illis
632 1685 735 1750 allatis
749 1693 870 1767 praesto
883 1694 941 1749 est.

183 1783 237 1845 lll.
262 1782 419 1863 Quidquid
439 1782 481 1848 sit
500 1782 538 1847 de
557 1800 629 1848 voce
643 1784 785 1866 capitale,
802 1801 865 1848 non
879 1783 1057 1848 dubitamus
1068 1799 1107 1847 en
1120 1782 1225 1860 dictis,

131 1880 242 1959 unoad
255 1895 322 1943 rem
336 1879 447 1960 ipsam,
460 1880 641 1946 concludere
653 1882 770 1960 justum
784 1897 852 1946 esse
865 1881 985 1946 ludum
999 1888 1175 1964 perceptum
1189 1897 1226 1946 ex

142 1994 188 2054 re,
203 1995 282 2059 quae
296 1978 441 2042 tribuitur
454 1978 494 2042 ad
509 1996 599 2044 usum
612 1980 848 2055 aestimabilem,
861 1995 923 2061 ouo
934 1996 985 2044 res
995 1980 1064 2061 ipsa
1077 1996 1140 2044 non
1153 1995 1228 2044 con·

136 2078 273 2142 sumitur
303 2095 311 2142 :
341 2076 418 2142 illud
448 2079 567 2143 lucmm
595 2081 719 2160 proprio
749 2097 842 2144 sensu
869 2080 1096 2144 ‹anemium›
1122 2088 1170 2144 est
1192 2095 1229 2145 ac

133 2187 276 2252 uocatur,
289 2191 360 2240 cum
374 2176 418 2240 rei
433 2177 466 2240 in
480 2178 583 2240 valore
599 2178 793 2242 substantiali
805 2177 1009 2258 perseueranti
1020 2179 1225 2258 superveniat.

183 2277 270 2340 Patet
283 2285 407 2340 econtra
416 2292 477 2358 per
488 2293 521 2339 se
536 2277 682 2356 injustum
703 2293 770 2342 esse
792 2277 911 2341 lucrum
931 2276 1015 2340 idem
1035 2286 1174 2340 exactum
1190 2293 1228 2340 ex

138 2393 186 2454 re,
204 2392 283 2458 quae
306 2374 439 2439 creditur
463 2374 502 2440 ad
524 2393 614 2440 usum
635 2393 732 2457 aeque
755 2375 990 2452 aestimabilem,
1006 2392 1068 2456 uno
1088 2391 1138 2440 res
1159 2376 1227 2457 ipsa

139 2474 385 2540 substantialiter
404 2475 595 2540 consumitur
609 2492 663 2540 seu
678 2474 858 2540 distrahitur
880 2492 889 2538 :
913 2476 972 2539 boc
992 2476 1122 2551 lucrum,
1142 2474 1228 2556 juxta

133 2574 395 2655 significationem
417 2573 501 2638 vocis
515 2591 534 2636 a
547 2583 628 2638 retro
643 2583 687 2638 tot
700 2573 833 2638 saeculis
852 2573 1021 2639 admissam
1040 2575 1086 2652 (tl,
1104 2581 1227 2638 vocatur

133 2691 252 2749 oraru,
268 2681 299 2736 et
312 2673 398 2737 nulla
415 2673 492 2736 ratio
507 2672 597 2737 datur
610 2689 665 2737 cur
675 2689 743 2748 vox,
758 2672 899 2753 quamvis
912 2672 972 2736 hoc
984 2672 1047 2736 beri
1063 2681 1175 2753 posset,
1188 2671 1227 2736 ad

141 2774 236 2838 aliam
261 2773 515 2854 significationem
540 2773 752 2837 transierenda
776 2773 827 2849 sit,
851 2773 911 2835 nisi
937 2772 1068 2853 gratuito
1094 2781 1124 2836 et
1150 2771 1228 2836 laiso

134 2878 298 2935 asseratur
321 2871 438 2934 nnllam
459 2871 522 2949 jam
545 2887 610 2934 rem
635 2872 734 2952 primo
749 2887 807 2935 nsn
828 2870 980 2934 consumi.
997 2869 1228 2951 Significatione

144 2971 239 3051 igitur
258 2969 382 3047 usitata,
402 2985 466 3034 «eu
481 2979 527 3034 est
541 2970 665 3050 propria
685 2985 849 3034 usurarum
868 2968 1089 3048 interpretatio,
1107 2967 1229 3047 quando

144 3067 285 3132 videlicet
306 3085 345 3130 ec
365 3085 424 3130 uon
445 3068 504 3145 rei,
526 3084 606 3148 poue
626 3085 689 3131 noo
712 3068 878 3148 permittet,
900 3067 986 3130 ottilo
1008 3066 1121 3142 labore,
1143 3066 1229 3130 nom

135 3172 282 3248 sumpto,
290 3165 411 3229 nullom
416 3165 567 3246 pei-teuto,
578 3166 696 3228 lucrum
708 3164 848 3245 letusque
860 3164 999 3245 conquiri
1009 3164 1226 3245 studetnrsle).

144 3265 191 3330 lln
206 3263 478 3340 accuratissimum,
494 3279 587 3344 qnam
602 3263 799 3340 assumimus,
812 3279 923 3329 usurae
937 3263 1103 3328 notionem.

142 3509 222 3566 nicbt
237 3508 338 3566 einmal
355 3510 407 3564 mit
423 3509 494 3566 uwei
511 3509 601 3567 lcilen
618 3508 730 3566 definiri
746 3508 815 3566 oder
833 3508 974 3574 calintert,
993 3509 1113 3567 eondmu
1132 3510 1162 3566 in
1179 3508 1231 3568 der

143 3597 247 3651 genuen
258 3582 468 3640 irrelbbrenden
480 3583 780 3642 Vensobwommenbeit
790 3582 848 3639 und
860 3583 1079 3650 Vieldeutiulceit,
1092 3584 1122 3639 in
1138 3583 1188 3639 der
1198 3595 1230 3641 er

144 3659 183 3714 im
194 3657 379 3716 vollsmunde
390 3658 456 3723 lebt,
469 3659 539 3716 auob
558 3659 588 3714 in
604 3657 676 3714 allen
694 3657 897 3714 tbooretiscben
913 3658 1157 3724 linteaeucbunuen
1168 3657 1229 3714 mit·

140 3731 304 3800 uesebloppt
315 3731 427 3788 wirdt»
444 3731 483 3789 dt
495 3747 538 3799 op.
550 3747 584 3797 e,
597 3733 618 3796 l,
630 3745 658 3798 p.
670 3729 730 3796 abo,
749 3730 813 3788 eoll.
832 3746 860 3798 p.
872 3731 932 3798 ³00,
951 3747 979 3788 n.
991 3733 1018 3797 l,
1036 3735 1065 3789 et
1075 3745 1104 3798 p.
1116 3731 1167 3789 tto
1180 3732 1229 3788 ubi

142 3806 287 3874 speciatim
298 3806 403 3864 inveblt
419 3809 514 3864 uonna
531 3806 645 3864 modum
661 3805 834 3873 concipiendi
852 3805 917 3863 inde
933 3821 949 3862 a
966 3806 1096 3863 salmasio
1113 3819 1231 3872 prorsus

138 3880 276 3940 omuibus
285 3891 469 3936 communem.

176 3955 212 4019 (l)
228 3953 267 4011 ct
278 3956 371 4011 tamen
388 3967 459 4022 uuae
477 3967 561 4020 supra
577 3955 615 4021 (p.
627 3952 670 4017 96)
686 3953 841 4012 nobvimue
858 3953 894 4012 de
910 3955 1024 4013 notione
1040 3967 1141 4012 usurae
1156 3953 1229 4020 apud

144 4028 249 4086 multos
259 4027 418 4086 bodiemos.

177 4102 213 4166 (i)
227 4103 298 4159 llaec
308 4103 385 4160 notio
396 4101 515 4160 retertur
526 4102 556 4158 in
566 4101 643 4158 Bulla
655 4101 784 4160 leonisll
794 4102 874 4156 Inte
882 4101 1051 4167 multiplices,
1061 4113 1115 4168 oua
1126 4099 1231 4158 Montes

141 4173 256 4240 pietatis
265 4175 436 4244 approbarit,
445 4179 551 4244 douae
562 4188 578 4231 a
589 4176 707 4234 concilio
716 4175 889 4234 tetemnemt
898 4175 919 4230 V
928 4175 1006 4240 (mes.
1014 4173 1070 4242 10¹,
1078 4173 1232 4235 annolblil

1076 4271 1108 4325 tt
