3242 4959
369 443 372 448 ’
448 462 618 526 cinitot
632 464 795 526 conrnutrn
811 463 935 510 cunnum.
1174 446 1234 510 etr

142 627 314 694 bodiernas
328 630 461 696 theorias
475 630 513 694 de
528 630 612 694 lucro
627 646 664 692 ex
674 630 803 710 pecunia
819 629 1041 709 diiudicandae.
1055 630 1188 703 Etenim,
1202 638 1237 694 ιιι

143 727 273 808 saepius
294 727 478 803 nemrimus,
495 727 576 790 tituli
598 727 759 798 fiduciarii.
780 727 994 807 obligationes,
1011 727 1108 790 aliave
1128 726 1235 805 hujus-

148 823 245 901 modi,
255 826 368 890 nostris
381 827 580 906 temporibus,
591 826 633 890 ita
645 827 806 906 pecuniam
819 835 849 889 et
859 826 982 889 divitias
993 833 1233 906 repraesentant,

147 932 182 988 ut
203 924 324 1001 iisdem,
340 926 598 1006 quemadmodum
621 927 687 1007 ipsa
708 927 850 1006 pecunia,
866 926 1046 1007 plerumque
1068 925 1235 1006 negotiatio

146 1021 297 1100 lucrativa
317 1026 448 1090 exerceri
473 1027 580 1105 possit..
610 1024 696 1090 Unde
720 1025 746 1088 si
769 1024 891 1088 credere
911 1025 1012 1105 possis
1033 1042 1062 1088 v.
1085 1041 1116 1100 g.
1142 1023 1235 1086 alicui

143 1122 289 1192 instituio
302 1124 464 1203 pecuniam
478 1135 562 1187 tuam
577 1124 664 1201 cujus
678 1123 743 1187 vice
762 1122 894 1202 recipias
913 1122 1018 1186 titulos
1040 1123 1094 1202 qui
1115 1121 1235 1201 aequali

147 1235 275 1300 prorsus
286 1222 376 1286 modo
387 1239 423 1288 ao
435 1224 562 1303 pecunia
573 1219 788 1303 negotiationis
803 1222 1040 1286 instrumentum
1054 1223 1235 1296 habeantur,

144 1318 303 1382 nescimus
316 1336 449 1400 quonam
463 1321 661 1386 fundamento
681 1321 756 1384 lucri
778 1322 928 1384 cessantis
950 1321 1034 1384 lieret
1051 1320 1134 1399 justa
1154 1336 1237 1383 com·

144 1417 299 1496 pensatio,
326 1434 395 1482 cum
423 1419 539 1482 luorum
565 1436 668 1482 revera
697 1435 759 1482 non
788 1429 896 1492 cesset,
923 1423 978 1481 seui
1002 1435 1071 1482 eum
1097 1427 1236 1480 mutuum

143 1517 296 1596 pecuniae
311 1533 372 1581 non
387 1518 427 1582 sit
441 1535 532 1582 causa
549 1519 624 1582 lueri
640 1519 798 1588 cessantis.
813 1525 844 1581 et
857 1534 926 1581 cum
944 1534 1030 1580 secus
1046 1517 1095 1582 bis
1110 1516 1237 1579 lucreris

144 1630 185 1678 ex
199 1615 317 1680 eodem.
334 1617 398 1680 Hoc
413 1618 445 1679 in
460 1633 563 1688 sensu.
580 1616 700 1681 admitti
716 1626 820 1697 posset
840 1617 1049 1698 hypothesisa
1065 1617 1101 1679 b.
1120 1617 1236 1678 Bacuet

146 1711 227 1778 laeta
253 1717 286 1790 lt)
313 1732 321 1778 :
352 1718 531 1796 ‹peut-ttre
557 1719 655 1780 mente
680 1716 871 1796 pourreitnn
896 1717 1048 1796 imaginer
1073 1715 1128 1778 des
1154 1715 1236 1794 prete

145 1812 287 1894 d’argenl
311 1814 538 1879 considerantes
563 1816 626 1895 qui,
655 1815 859 1878 n'entrainant
884 1831 983 1878 aucun
1012 1815 1173 1893 dommage
1204 1812 1236 1874 ni

143 1928 248 1977 aucun
263 1913 366 1993 risque
377 1930 454 1994 pour
470 1913 498 1976 le
511 1917 642 1994 preteur‚
661 1930 698 1977 ne
714 1913 755 1976 lui
772 1913 973 1976 donneraient
986 1911 1099 1977 dmitb
1119 1927 1237 1975 aucune

143 2012 390 2092 compensation.
418 2014 571 2093 Supposez
595 2029 651 2092 par
676 2013 813 2093 exemplo
843 2029 902 2091 que
926 2012 1004 2076 celui
1034 2011 1052 2074 a
1080 2011 1132 2091 qui
1162 2026 1237 2074 vous

146 2112 249 2191 prdtez
264 2113 305 2176 ait
320 2130 362 2175 un
376 2113 471 2176 credit
487 2114 513 2177 si
529 2110 634 2177 assuri
649 2124 678 2176 et
693 2129 734 2175 un
747 2111 833 2178 aeoes
844 2114 870 2179 si
882 2111 972 2176 iacile
986 2111 1096 2191 qu'nne
1111 2111 1236 2174 creante

144 2207 238 2273 ason
253 2221 373 2291 compte
393 2212 451 2275 soit
475 2211 618 2293 regardee
639 2228 756 2276 comme
780 2220 887 2291 argent
908 2220 1074 2289 comptant,
1090 2218 1120 2272 et
1134 2226 1192 2289 qne
1208 2209 1236 2272 le

144 2308 236 2372 billel
245 2325 308 2390 ,que
322 2325 398 2374 vous
412 2328 450 2374 en
465 2327 599 2375 recovrer.
610 2312 671 2375 soit
681 2327 766 2374 assez
780 2310 956 2375 laeilement
970 2309 1146 2387 negociable
1158 2323 1236 2388 pour

144 2421 223 2470 vous
238 2408 335 2471 servir
349 2423 466 2472 comme
480 2408 518 2472 de
540 2410 682 2472 monnaie
702 2408 844 2489 jusqu’an
865 2408 1136 2472 remboursement.
1155 2408 1234 2485 Sup-

145 2523 250 2588 posez,
267 2507 293 2570 si
309 2524 383 2571 vous
397 2509 513 2584 vonlez,
531 2526 589 2588 que
605 2526 679 2572 vous
694 2509 805 2589 pretiez
822 2515 903 2572 votre
916 2507 1051 2588 argenta
1067 2507 1095 2570 la
1111 2509 1235 2586 nanque

143 2605 185 2669 de
201 2607 314 2670 Franco
330 2615 358 2670 et
374 2623 431 2686 que
448 2623 522 2671 tous
536 2609 667 2671 receuiez
682 2625 720 2670 en
735 2617 836 2671 retour
852 2607 905 2670 des
927 2606 1030 2670 billets
1051 2623 1090 2669 au
1111 2617 1235 2686 porteur

142 2705 332 2770 semblables
346 2722 364 2768 a
379 2722 453 2770 oeux
469 2707 580 2786 qu'elle
594 2724 612 2770 a
628 2707 656 2771 le
671 2705 817 2787 privilege
833 2706 986 2770 d'emettre
999 2723 1007 2768 :
1022 2705 1092 2784 quel
1108 2703 1234 2769 dedom-

145 2813 320 2883 magement
334 2819 553 2883 pourrez·vous
568 2804 753 2868 demander?
765 2805 820 2867 Ses
836 2804 939 2867 billeis
954 2820 992 2866 ne
1007 2804 1164 2867 valent-ils
1179 2819 1234 2884 pas

142 2909 230 2965 uotre
246 2904 371 2976 arpent?
386 2904 426 2964 Le
441 2904 490 2981 ius
505 2901 546 2964 ud
560 2919 624 2964 rem
639 2902 753 2965 nest-il
770 2918 826 2981 pas
840 2901 1014 2980 equivalent
1028 2918 1067 2964 au
1076 2903 1131 2981 jes
1142 2901 1176 2962 ln
1187 2918 1231 2964 re.

146 3000 224 3064 blais
240 3001 260 3062 il
283 2999 349 3063 lant
369 3017 481 3063 avoner
501 3016 570 3081 que,
587 3001 612 3063 si
636 3015 669 3063 ce
693 3015 744 3063 cas
767 3008 813 3062 est
834 3000 979 3080 possible,
997 3000 1020 3062 il
1042 3015 1074 3063 se
1095 2999 1234 3079 presente

147 3107 312 3162 rerement.
329 3122 342 3154 a

188 3200 227 3277 At
249 3198 351 3263 omnia
375 3199 467 3262 simul
488 3199 639 3279 principia
660 3199 710 3262 bic
732 3208 964 3278 componantur,
981 3215 1037 3262 nec
1052 3199 1234 3278 quaedama

144 3298 276 3361 caeteris
290 3298 517 3361 abstrahantur.
536 3298 744 3378 supponimus
758 3315 879 3378 nempe,
895 3298 1014 3361 etiamsi
1035 3299 1142 3362 titulus
1156 3298 1232 3362 lueri

144 3398 295 3461 cessantis
310 3413 371 3462 non
392 3398 522 3472 adesset,
540 3408 641 3462 tamen
661 3415 697 3462 ex
720 3397 772 3462 tali
796 3399 910 3462 credito
932 3400 1099 3463 auctarium
1118 3399 1233 3477 justum

144 3513 225 3572 esse,
240 3497 267 3559 si
279 3496 391 3577 aliquis
406 3497 486 3560 alius
500 3497 608 3560 titulus
621 3496 751 3572 adesset,
765 3506 838 3577 puta
853 3498 999 3560 damnum
1015 3513 1172 3578 emergens
1183 3499 1231 3574 (a),

147 3596 194 3661 vel
216 3597 386 3687 perieulum
408 3597 525 3662 sortis:
546 3614 658 3671 verum,
682 3605 715 3660 ut
739 3606 832 3678 patet,
856 3598 882 3661 si
905 3598 955 3669 bic
978 3598 1085 3660 titulus
1106 3595 1232 3677 periculi

142 3694 238 3760 sortis
253 3695 342 3772 adsit,
360 3696 515 3760 rarissime
530 3697 648 3760 lucrum
664 3713 724 3760 non
740 3696 881 3764 cessabit.
896 3713 966 3760 oum
982 3696 1031 3758 vix
1047 3696 1233 3776 intelligatur

179 3959 214 4022 (ι)
230 3957 268 4014 ti.
281 3959 323 4012 De
335 3959 452 4012 l't‘nldrdl
463 3964 489 4012 et
499 3961 532 4012 de
545 3960 652 4022 l’atsure,
667 3973 693 4024 p.
707 3956 740 4012 59
751 3972 773 4013 s.

179 4041 214 4103 (ll
230 4041 257 4096 Si
269 4054 368 4106 nempe
379 4041 530 4097 «valeres»
549 4041 588 4097 illi
600 4044 665 4098 sunl
681 4039 737 4096 «ad
750 4040 898 4097 terminum
906 4055 922 4084 ι)
937 4038 961 4104 (d
973 4039 1079 4103 terme),
1091 4039 1139 4106 (lui
1150 4039 1233 4098 vellet

149 4121 194 4178 bio
211 4125 240 4180 el
257 4137 331 4180 nuno
347 4137 411 4179 cum
430 4123 485 4179 illis
502 4124 646 4190 negotiari,
665 4123 776 4190 aliquod
795 4122 926 4179 damnum
944 4122 1082 4178 ordinarie
1100 4123 1231 4189 incurret,

142 4203 210 4261 ideo
222 4206 296 4272 onia,
310 4205 339 4261 in
349 4204 517 4262 aestimando
528 4205 629 4271 valore,
642 4203 775 4272 quaedam
786 4203 957 4261 deducentur
967 4203 1152 4271 ll'eseompte).
