3242 4959
350 506 414 552 chr.
432 507 464 552 11.
488 507 634 553 baructius
650 506 797 552 sciuntur
812 504 1008 551 scolasticae.
1163 484 1222 550 149

118 671 230 736 ’313133
243 669 417 736 anderen...
435 671 527 735 deren
542 670 694 735 Schriften
708 670 758 734 die
781 668 1092 751 Ausichtgriudlieh
1112 667 1223 732 wider·

129 771 244 852 legen,
267 770 339 834 dass
361 771 405 834 im
432 770 606 834 blittelalter
626 769 695 832 eine
717 767 1075 832 volhswirthschaitliche
1096 767 1224 831 Theorie
1263 825 1269 836 .

123 872 222 936 ι313131
232 871 408 936 vorhaudeu
419 887 558 950 genesen
569 870 650 934 sei.»
664 870 719 934 cui
731 878 847 932 asserto
859 868 984 932 omuino
995 867 1223 932 assentiendum

119 977 199 1046 -est;
215 969 389 1034 addendum
403 969 478 1045 imo,
495 985 550 1049 per
560 968 694 1032 Medium
710 984 836 1058 aevum,
844 966 994 1030 1113331331
1006 965 1224 1051 oeconomicam

119 1085 152 1132 -3
167 1068 261 1132 133113
276 1070 473 1133 oecouomicis
484 1069 676 1132 -abstractam
698 1067 885 1132 considerari
907 1084 1007 1148 posse,
1023 1074 1053 1130 et
1067 1073 1136 1146 apte
1149 1081 1223 1130 eon·

121 1167 282 1247 ⁴siderari;
298 1169 356 1233 sub
370 1169 428 1232 hoc
442 1178 580 1248 respectu
596 1169 631 1232 E.
646 1169 690 1231 Ile
705 1167 814 1231 Girard
830 1167 1037 1231 consentimus
1051 1164 1196 1230 scribenti
1213 1180 1223 1228 ε

128 1287 151 1324 ἰ
164 1285 209 1330 33
224 1277 309 1331 autre
323 1268 394 1331 trait
409 1268 525 1331 semble
539 1283 649 1331 encore
663 1283 695 1330 33
710 1265 842 1347 degager
857 1266 894 1330 de
915 1266 944 1329 13
964 1264 1087 1345 periodo
1112 1263 1224 1328 medit-

122 1366 257 1430 =⁷oale...:
273 1367 346 1431 e'est
360 1367 391 1431 13
405 1366 539 1430 maniere
558 1367 633 1430 dont
652 1365 739 1429 l’idee
762 1364 889 1446 precede
908 1375 937 1428 et
957 1364 1085 1440 iacoune
1107 1363 1134 1426 le
1154 1361 1221 1434 1311,

134 1463 215 1526 daus
231 1464 258 1527 le
273 1465 343 1544 plus
356 1464 453 1545 grand
469 1465 597 1527 nombre
611 1463 666 1547 des
687 1479 749 1539 cas,
768 1479 818 1529 ou.
835 1463 861 1525 si
885 1462 945 1525 l’ou
966 1460 1096 1543 preibre,
1114 1460 1143 1523 13
1158 1467 1224 1524 teu.-

120 1559 233 1624 -dauce
248 1562 561 1642 autiopportuuiste...
576 1564 659 1625 11333
672 1562 814 1641 l’aualyse
826 1561 915 1624 d'uue
927 1560 1042 1641 bpoque
1057 1556 1224 1623 constitute

135 1658 174 1722 de
191 1661 220 1722 la
235 1670 326 1735 sorte,
345 1661 374 1724 13
389 1661 549 1724 recherche
565 1660 605 1724 du
621 1661 759 1741 principe
783 1659 848 1723 doit
869 1659 1075 1740 logiquemeut
1095 1656 1179 1720 avoir
1195 1655 1225 1719 la

134 1758 292 1838 priorlte»
310 1762 356 1837 11).
378 1763 454 1823 Cum
476 1760 518 1821 113
539 1760 671 1822 sentiant
691 1760 742 1839 qui
763 1759 906 1821 historiae
926 1757 1129 1822 oecouomioae
1151 1772 1224 1820 oon·

122 1859 316 1924 :scribendae
335 1861 524 1935 incumbant,
541 1878 559 1922 3
574 1859 692 1923 fortiori
715 1859 804 1922 nobis
827 1859 926 1934 liceat,
950 1857 1102 1921 doctrinas
1123 1855 1225 1936 potius

124 1973 192 2038 {pro
207 1974 301 2038 scopo
316 1957 553 2037 inquirentibus,
571 1958 682 2021 directe
705 1957 736 2020 in
757 1974 790 2020 se
810 1957 912 2036 ipsum
934 1964 1065 2035 systema
1086 1953 1225 2018 scolasti-

122 2073 243 2121 -corum
259 2057 420 2136 inspicere,
438 2057 605 2137 etquidem
620 2075 656 2120 ex
677 2057 826 2137 professo,
843 2063 933 2136 prout
954 2055 1100 2136 possibile
1122 2054 1189 2128 erit,
1207 2069 1225 2115 3

124 2154 227 2218 ‘lactis
251 2155 498 2236 contingentibus
519 2155 716 2218 abstractum.
741 2154 858 2218 Exinde
880 2162 980 2235 pateat
1004 2160 1105 2216 utrum
1130 2166 1224 2214 uecue

136 2245 275 2318 doctriua'
291 2255 451 2319 scolastica
466 2255 503 2318 de
518 2254 737 2318 diversissimis
752 2254 968 2328 contractibus
986 2253 1085 2333 primo
1101 2255 1224 2330 aspectu

123 2353 392 2427 contradictoriis,
405 2355 518 2417 nitatur
529 2353 690 2434 principiis
703 2353 887 2433 quibusdam
899 2351 1057 2416 altioribus
1067 2366 1103 2414 33
1114 2351 1223 2412 immu-

125 2450 295 2528 tabilibus
314 2453 454 2531 quamvis
468 2452 583 2514 3311331
599 2467 653 2532 pro
669 2451 820 2530 adjunctis
835 2450 954 2530 praxim
969 2449 1175 2530 gignentibus.

180 2648 267 2723 Qurod
284 2649 320 2712 de
340 2649 456 2711 intento
470 2656 574 2711 nostro
587 2664 631 2734 ¹ac
654 2647 796 2710 methodo
816 2645 1058 2726 praenotandum
1080 2645 1220 2723 velimus,

135 2762 208 2810 oum
224 2747 315 2810 hodie
330 2746 430 2809 adhuc
445 2745 637 2808 communior
649 2745 843 2825 pervulgetur
853 2745 968 2824 opinio,
982 2741 1136 2808 nemiueiu
1151 2743 1224 2808 doc·

137 2845 229 2908 trinis
257 2843 453 2908 oecouomicis
482 2843 573 2906 Medii
608 2844 673 2906 aevi
703 2843 868 2906 soieutilice
895 2859 985 2923 posse
1007 2842 1138 2916 studere,
1162 2841 1223 2904 uisi

139 2945 291 3009 discernat
317 2946 396 3007 iuter
423 2952 571 3024 tempora,
598 2944 738 3023 regiones
763 2959 798 3005 ac
826 2949 963 3006 auctores
989 2960 996 3005 :
1021 2958 1098 3021 quae
1120 2941 1223 3021 opinio

133 3044 285 3124 supponit
306 3043 459 3107 doctrinas
481 3044 563 3122 ipsas
584 3043 793 3122 contingentes
814 3042 909 3106 fuisse
934 3058 969 3106 ac
989 3042 1101 3117 varias,
1118 3040 1224 3104 eodem

139 3143 232 3206 modo
243 3158 304 3221 quo
315 3141 395 3205 iacta
406 3150 435 3205 et
447 3141 613 3206 accidentia
628 3142 706 3204 uitae
721 3142 935 3205 oecouomioae.
950 3141 1066 3215 Quodsi
1080 3139 1224 3204 corticem

138 3241 245 3305 rodere
273 3240 500 3304 intenderemus
529 3249 557 3303 et
585 3249 741 3303 externam
769 3241 987 3304 sententiarum
1019 3239 1225 3316 evolutionem

137 3339 323 3411 describere,
351 3354 424 3401 3333
449 3339 503 3401 1113
527 3346 607 3402 33331
631 3338 776 3402 utendum
801 3338 974 3402 methodo:
1002 3333 1033 3401 31
1057 3338 1225 3402 medullam

134 3436 281 3500 uolumus
295 3436 454 3517 attingere,
472 3445 501 3498 et
515 3437 668 3516 inquirere
683 3454 785 3500 annon
800 3437 860 3517 ipsi
875 3437 1054 3502 accidentali
1074 3437 1223 3501 doctrina·

136 3549 207 3597 rum
223 3534 387 3598 evolutioui
403 3535 834 3616 principiaaltiorapraesint.
1181 3539 1187 3548 ’

172 3747 206 3809 (1)
222 3747 251 3802 h
261 3747 300 3802 lla
311 3746 427 3813 Graeco,
437 3748 917 3814 11133113331Ἐ33331313333ι313...,
928 3765 954 3816 p.
965 3750 1006 3805 39.
1017 3748 1054 3806 tl.
1065 3750 1222 3817 V.Bnaurs,

138 3829 263 3892 1133313333
280 3833 326 3884 des
343 3831 458 3884 11333133
469 3831 691 3898 teodomirus...
705 3846 732 3897 p.
744 3830 761 3887 8
773 3847 806 3897 s.;
820 3823 931 3889 econtra
942 3833 965 3889 J.
978 3834 1175 3899 Rauranum.
1188 3848 1222 3899 e..

133 3926 169 3977 ro.
184 3913 226 3969 13.
238 3939 273 3950 -
283 3914 427 3970 Doctrinae
444 3913 732 3980 33111331,33333331113
749 3915 876 3978 morales,
889 3915 1046 3982 superiores
1063 3914 1142 3972 133113
1158 3920 1225 3972 1333

138 3993 290 4062 labentum
309 3999 338 4052 et
355 4011 419 4052 eum
436 4010 523 4052 novae
539 3997 669 4063 oriuntur
685 3998 899 4054 eonsuetudines
917 3997 1130 4063 commerciales,
1148 3997 1225 4065 iuxta

133 4078 236 4135 eadem
258 4080 392 4146 principia
416 4080 566 4148 inquiritur
588 4095 644 4136 nou
666 4080 806 4147 quomodo
833 4083 903 4144 3131,
927 4082 976 4138 sed
1002 4082 1142 4150 quomodo
1164 4095 1225 4140 esse
1265 4112 1267 4115 ·

134 4161 266 4220 debeant.
279 4163 355 4220 llude
366 4162 454 4220 lacere
465 4178 613 4230 possumus
624 4164 698 4230 quod
710 4165 836 4220 Germani
848 4168 974 4223 auctores
984 4169 1082 4222 vocant
1093 4168 1226 4235 Doqmen·

132 4246 295 4312 comato,
307 4247 375 4312 quin
387 4245 518 4302 iaciamus
535 4245 878 4314 Wirlbscbostsqescbt'ebte.
