3242 4959
398 440 439 503 96
847 460 918 506 runs
938 460 1037 505 aaron.

397 620 568 695 severioris,
586 621 809 685 manifestatur.
828 624 891 685 lloe
906 622 1005 686 adhue
1020 622 1133 685 clarius
1148 622 1238 685 nobis
1253 622 1405 699 obveniet,
1423 640 1508 687 sae-

397 720 499 784 culum
514 722 610 785 XVlll
626 738 697 785 mox
713 722 970 801 percurrentibus.

438 1017 475 1078 ll.
501 1017 607 1091 Porro,
627 1016 698 1079 dum
719 1017 760 1079 ita
780 1017 818 1080 de
835 1040 849 1073 a
864 1024 1020 1081 contractu
1038 1018 1240 1081 commercii»
1258 1017 1340 1098 (pret
1354 1017 1391 1080 dc
1406 1034 1502 1079 com-

395 1113 505 1195 merce)
525 1121 558 1178 ut
580 1114 723 1194 deinceps
744 1115 914 1191 vocabitur,
939 1116 972 1177 in
994 1115 1092 1178 Gallia
1113 1116 1292 1194 praesertim
1317 1115 1500 1179 meridiana

395 1213 574 1276 dimicatum
596 1224 652 1289 est,
678 1215 708 1276 in
731 1215 800 1278 aliis
822 1215 913 1292 nujus
935 1216 1070 1294 regionis
1093 1215 1230 1294 partibus
1252 1216 1289 1278 de
1313 1216 1407 1277 simili
1428 1232 1498 1278 usn

396 1314 501 1377 eodem
517 1315 608 1377 modo
624 1315 780 1395 agebatur.
855 1349 860 1358 ·

438 1414 473 1475 ln
493 1414 651 1493 provincia
677 1415 815 1477 Bresslae
840 1427 1060 1476 consueverant
1081 1422 1268 1477 contractum
1291 1414 1368 1477 inire
1395 1413 1497 1494 vulgo

396 1512 510 1576 dictum
530 1537 543 1569 a
560 1513 689 1576 Coratrot
705 1514 838 1575 Bressou
853 1537 866 1568 »
884 1529 891 1575 :
906 1528 966 1591 quo
979 1512 1007 1573 vi
1023 1514 1229 1592 stipulationis
1245 1523 1351 1576 mutuo
1365 1512 1493 1576 additae

395 1610 560 1675 creditores
589 1627 695 1672 ltrrtnes
724 1612 893 1673 auctarium
922 1610 1122 1689 accipiebant,
1150 1611 1273 1674 statutis
1298 1612 1389 1690 huius
1413 1626 1486 1689 pro-

395 1710 512 1773 vinciae
527 1710 699 1777 toleratum.
715 1710 768 1772 sed
781 1709 848 1787 jnre
862 1709 1130 1773 consuetudinario
1143 1720 1266 1773 senatus
1277 1709 1483 1780 Divionensis,

397 1816 424 1871 et
448 1808 567 1886 iegibus
589 1808 824 1870 archidioecesis
846 1808 1070 1885 Lugdunensis,
1095 1807 1133 1870 ad
1157 1824 1248 1887 quam
1273 1809 1394 1871 Bressia
1414 1816 1493 1869 tunc

397 1910 577 1991 pertinebat,
600 1911 724 1972 omnino
747 1910 924 1972 damnatum
942 1913 985 1985 (a).
1003 1909 1049 1971 Ad
1072 1924 1162 1987 quem
1184 1925 1299 1971 morem
1320 1907 1484 1970 delenden-

398 2010 483 2085 dum,
507 2010 576 2073 lieet
597 2019 639 2071 tot
662 2020 690 2072 et
712 2011 785 2072 tanti
808 2017 913 2072 contra
935 2006 1258 2072 larentes'contractul
1282 2017 1484 2071 mercatorum

394 2107 457 2186 jam
473 2110 537 2171 acie
553 2110 755 2179 constiterint,
773 2110 886 2172 Couurr
905 2108 1027 2187 scripsit
1047 2108 1159 2170 librum
1180 2108 1228 2171 eui
1249 2107 1356 2169 titulus
1380 2106 1493 2169 Troilo*

396 2207 447 2271 des
469 2224 588 2278 osores,
607 2225 646 2268 ou
669 2208 856 2288 ouplicolion
877 2206 928 2268 des
947 2208 1032 2286 pedis
1054 2213 1082 2268 ct
1104 2206 1155 2268 des
1178 2207 1314 2280 interdie,
1337 2206 1420 2267 sclao
1442 2205 1490 2268 les

395 2306 458 2369 loia
480 2306 534 2386 pul
556 2312 609 2367 out
633 2306 695 2367 cato
713 2307 803 2384 folles
825 2323 862 2367 co
886 2312 953 2366 loos
974 2304 1015 2366 les
1035 2305 1140 2367 sicclus
1161 2306 1268 2384 (Paris
1295 2304 1396 2380 1694).
1420 2306 1483 2367 lloc

394 2421 472 2485 opus
488 2420 599 2467 norunt
616 2416 758 2467 conatum
775 2406 807 2466 in
819 2404 996 2483 quaestione
1009 2403 1045 2465 de
1061 2419 1153 2466 usura
1169 2403 1279 2483 prodit.
1293 2405 1386 2465 Totus
1400 2403 1482 2465 enim

394 2503 428 2566 in
444 2520 479 2566 eo
495 2511 631 2566 versatur
646 2511 760 2577 artetur,
779 2511 814 2565 ut
827 2504 935 2581 probet
948 2520 984 2565 er
999 2503 1126 2564 historin
1144 2502 1368 2582 legislationum
1385 2502 1484 2581 legem

396 2602 517 2665 ciuilem
537 2609 619 2664 tanta
640 2601 771 2682 gaudere
795 2602 903 2664 virtute
926 2610 959 2664 ut
979 2617 1082 2663 revera
1103 2617 1227 2663 usuram
1249 2601 1358 2663 alliciat
1380 2600 1425 2663 sel
1448 2599 1483 2661 li·

395 2701 499 2769 citam.
523 2716 614 2780 quam
638 2700 794 2779 permittit,
820 2701 865 2761 vel
893 2699 1044 2773 illicitam,
1068 2714 1160 2778 quarn
1185 2699 1335 2778 prohibet.
1361 2697 1487 2760 Funda-

395 2809 496 2862 menta
513 2800 638 2878 insuper
654 2799 813 2862 scolastica
834 2798 972 2872 destruit,
990 2814 1059 2859 cum
1079 2798 1273 2877 gratuitatem
1292 2796 1389 2859 mutui
1412 2796 1488 2874 reii-

394 2898 464 2973 ciat,
483 2899 687 2977 pecuniaeque
705 2898 887 2960 locationem
903 2896 1056 2959 delendat.

387 3211 392 3247 2
439 3195 491 3256 lll.
517 3194 643 3268 Deinde,
667 3196 698 3256 in
719 3196 878 3258 Armorica
903 3213 955 3257 seu
983 3195 1138 3259 Britannia
1161 3194 1288 3257 eandem
1310 3193 1483 3254 invenimus

392 3292 525 3379 praxim,
544 3308 634 3371 quam
651 3294 751 3370 vigere
764 3292 896 3355 vidimus
912 3295 943 3355 in
958 3295 1074 3373 Belgio,
1089 3294 1126 3356 de
1141 3293 1278 3373 pecuniis
1294 3292 1481 3371 pupillorum

396 3398 500 3454 mutuo
530 3388 650 3452 traditis
679 3401 707 3452 et
736 3391 869 3453 lructum
902 3392 1079 3455 ferentibus.
1112 3394 1197 3455 Hane
1229 3391 1481 3455 consuetudinem

394 3506 423 3551 a.
442 3488 522 3552 1699
538 3489 710 3568 reprobavit
726 3492 760 3553 P.
779 3492 893 3561 llaauro
908 3493 942 3568 (a)
958 3491 1030 3555 Ord.
1050 3492 1171 3566 Praed,
1190 3507 1280 3570 opere
1299 3491 1330 3552 in
1347 3506 1407 3570 quo
1423 3490 1480 3552 im-

424 3705 459 3767 (l)
477 3705 514 3760 be
530 3703 591 3770 jure
610 3705 712 3770 scripio
724 3709 752 3761 et
768 3704 1012 3760 consuetudinario
1031 3706 1059 3759 in
1076 3706 1159 3761 variis
1175 3705 1275 3761 Galliae
1288 3705 1436 3771 provinciis
1447 3705 1480 3761 ad

392 3788 444 3844 hoc
462 3790 581 3854 tempus,
601 3788 635 3843 cl.
649 3789 750 3851 anan,
770 3804 811 3853 op.
831 3803 865 3852 c,
886 3803 912 3854 p.
932 3788 1048 3844 969966.
1068 3792 1169 3844 eluctor
1187 3793 1264 3844 notat
1281 3791 1406 3843 senatum
1425 3792 1481 3844 mm

392 3870 556 3926 Tolosanum
574 3885 655 3937 ouarn
675 3871 897 3937 burdigalensem
916 3872 1122 3937 stipulationem
1141 3872 1254 3927 loenoris
1272 3872 1400 3938 rejicere,
1418 3886 1481 3927 con·

391 3952 551 4009 suetudines
573 3967 638 4008 vero
662 3954 784 4009 Bressiae
807 3953 882 4008 illam
905 3955 1072 4019 permittere.
1097 3982 1130 3991 -
1152 3955 1367 4020 Descriptionem
1393 3958 1487 4011 status

389 4048 482 4091 rerum
496 4036 522 4090 in
537 4037 586 4091 bae
599 4037 749 4101 provincia,
762 4036 843 4092 simul
862 4051 893 4091 ac
911 4037 1046 4102 originem
1057 4037 1267 4093 consuetudinis
1277 4038 1350 4093 eirea
1367 4038 1479 4103 stipula·

388 4118 491 4173 tionem
505 4117 618 4173 loenoris
631 4118 732 4174 videsis
744 4119 815 4185 apud
829 4119 941 4181 Conana,
954 4134 995 4183 op.
1010 4134 1044 4184 c,
1058 4120 1086 4174 in
1099 4119 1284 4182 Proclatloac.

421 4200 456 4263 (9)
472 4201 501 4254 Ρ.
515 4201 629 4264 lienum,
657 4201 750 4255 Truite'
768 4204 800 4255 dc
821 4202 920 4255 l‘osurc
939 4216 1002 4255 carce
1022 4205 1060 4255 les
1081 4202 1206 4267 repauses
1226 4217 1261 4255 ou
1286 4204 1380 4257 Tralle'
1399 4207 1432 4257 dc
1451 4206 1485 4257 la
