3242 4959
412 498 476 544 CAP.
494 500 514 543 1.
539 499 683 545 ruruclrra
698 500 844 545 scruurllu
859 501 1063 547 OECONOMICAE.
1220 482 1281 546 135

195 663 299 738 tendo,
309 665 369 727 sibi
382 665 535 727 videretur
546 665 702 744 pervenire
715 663 752 726 ad
765 663 908 739 absurda,
921 665 1065 728 saltemve
1077 666 1211 729 theoriae
1223 673 1283 728 tra-

195 764 336 829 ditionali
349 781 458 844 parum
467 773 680 836 consentanea,
692 781 731 826 an
742 764 869 828 hocnon
881 772 984 843 posset
995 764 1192 827 indedesumi
1201 764 1282 843 quod

195 865 263 945 ipsa
275 864 369 935 notio,
384 880 476 943 quam
488 864 650 943 supposuit
660 863 811 942 capitalis,
826 879 887 926 non
899 871 945 926 sat
956 863 995 925 sit
1007 865 1164 926 accurata?
1175 865 1218 926 De
1230 879 1282 926 n0·

194 967 278 1029 tione
291 966 349 1028 hac
363 965 495 1045 genuina
511 976 615 1044 postea
631 973 747 1044 agetur,
764 965 892 1043 beicque
908 972 1025 1026 tantum
1041 964 1166 1027 interest
1180 971 1282 1026 osten-

194 1064 267 1128 dere
282 1065 442 1146 pecuniam
458 1063 582 1142 capitali
598 1062 808 1142 aliquomodo
824 1061 942 1126 adnecti
958 1062 1079 1137 debere,
1096 1063 1207 1125 nedum
1223 1049 1283 1142 ips'i

194 1173 376 1244 opponatur.
403 1162 489 1236 Quod
515 1162 690 1234 asserendo,
714 1162 789 1224 nibil
814 1161 851 1224 de
872 1161 993 1224 formali
1019 1161 1214 1224 foecunditate
1235 1161 1281 1224 vel

194 1261 354 1324 sterilitate
370 1261 516 1340 pecuniae
531 1260 755 1340 praejudicatur
769 1277 776 1322 :
791 1260 909 1322 etiamsi
924 1275 991 1321 cnm
1006 1260 1109 1321 multis
1125 1259 1283 1321 formalem

196 1361 337 1422 virtutem
359 1359 546 1439 producendi
567 1359 688 1437 capitali
710 1367 934 1438 agnosceretur,
957 1366 986 1420 et
1005 1358 1144 1437 capitalis
1166 1357 1282 1420 notioni

195 1460 324 1540 pecunia
337 1459 427 1521 modo
442 1475 533 1537 supra
546 1459 682 1537 exposito
695 1461 735 1536 lp.
751 1458 820 1534 lau)
834 1457 1052 1532 adnecteretur,
1067 1456 1201 1520 nondum
1216 1456 1282 1519 ideo

196 1554 1283 1637 omnibusetsinguliselementis.quibuscapitalecomponitur,eadem

195 1660 292 1721 virtus
308 1658 446 1721 iormalis
465 1658 650 1720 attribuitur.
669 1657 699 1718 Si
717 1672 826 1735 nempe
842 1656 1001 1734 sejunctim
1017 1656 1165 1718 elementa
1180 1655 1283 1718 omnia

195 1757 439 1829 considerantur,
465 1766 496 1817 ut
516 1755 698 1832 diiudicetur
715 1753 890 1816 eorumdem
906 1753 1123 1833 productivitas
1145 1763 1283 1834 respectu

195 1855 394 1936 possessoris
423 1855 576 1933 imprimis
602 1853 836 1915 examinandum
864 1859 909 1913 est
933 1868 1064 1930 quanam
1088 1852 1196 1924 forma,
1221 1851 1284 1914 sive

196 1969 329 2032 quonam
350 1952 408 2014 sub
428 1960 594 2025 contractu,
613 1969 628 2012 a
647 1966 822 2030 possessore
838 1949 1048 2012 adhibeantur.
1067 1951 1177 2029 Utique
1193 1951 1284 2012 etiam

196 2054 232 2115 P.
250 2053 352 2114 Weiss
374 2052 512 2130 agnoscit
537 2059 566 2112 et
588 2051 696 2129 probat
717 2049 820 2111 omnia
844 2049 975 2129 pendere
993 2066 1010 2110 a
1026 2058 1179 2112 contractu
1195 2049 1282 2124 initu,

195 2168 306 2231 nempe
318 2163 456 2213 mutuum
469 2166 535 2211 esse
551 2165 604 2228 per
616 2166 648 2210 se
661 2148 928 2228 improductivum‚
943 2158 1064 2210 econtra
1079 2171 1091 2208 l
1101 2166 1189 2211 usum
1201 2150 1284 2230 capi-

195 2251 305 2312 talium
320 2267 347 2326 »3
365 2249 431 2322 sed,
449 2257 482 2310 ut
503 2258 605 2326 aperte
626 2249 795 2325 loquamur,
814 2248 845 2308 in
867 2248 925 2310 boc
946 2257 1060 2326 peccat,
1079 2247 1159 2326 quod
1174 2248 1284 2310 borum

195 2356 417 2419 contractuum,
432 2365 504 2410 sane
520 2347 722 2409 essentialiter
737 2347 956 2426 oppositorum,
971 2347 1095 2426 objecta,
1109 2349 1199 2410 etiam
1215 2357 1285 2410 ante

196 2459 369 2513 contractus
381 2450 485 2521 initos,
501 2457 533 2510 ut
544 2448 746 2510 essentialiter
758 2449 897 2527 opposita
909 2449 1018 2512 habeat
1033 2467 1039 2511 :
1057 2450 1097 2511 ita
1109 2454 1144 2511 ut
1156 2450 1284 2528 pecunia

195 2549 320 2611 nonnisi
336 2556 453 2622 mtrluo,
472 2548 601 2626 capitale
620 2547 742 2609 nonnisi
768 2549 865 2610 «usui
886 2547 1092 2627 capitalium»
1111 2548 1281 2627 objiciatur.

194 2649 259 2711 Nec
273 2647 338 2726 ipse
353 2657 455 2708 tamen
471 2655 585 2708 asseret
600 2646 760 2726 pecuniam
776 2656 893 2708 tantum
909 2657 1014 2709 mutuo
1030 2647 1165 2709 adhiberi
1181 2663 1283 2726 posse,

195 2763 259 2810 non
274 2758 374 2809 autem
390 2764 418 2807 v.
434 2763 463 2826 g.
482 2746 635 2808 societate.
657 2747 716 2808 Fac
737 2747 830 2826 igitur
851 2763 906 2826 per
928 2747 1087 2826 pecuniam
1110 2747 1284 2810 societatem

195 2845 268 2907 iniri
284 2862 344 2906 :an
360 2845 488 2924 pecunia
503 2833 666 2907 essentiam
682 2851 770 2906 exuet
785 2861 883 2919 suam,
900 2854 929 2906 et
945 2845 1127 2924 oppositam,
1145 2845 1285 2925 capitalis

195 2959 316 3022 nempe,
335 2960 403 3005 cum
420 2943 563 3005 omnibus
581 2944 678 3022 ipsius
694 2942 961 3022 praedicamentis,
979 2944 1101 3007 induet?

238 3041 323 3114 Quod
340 3059 374 3103 ex
391 3043 447 3103 bac
463 3040 579 3103 theoria
594 3041 679 3118 sequi
697 3039 815 3102 videtur
830 3041 967 3115 omnino,
985 3040 1127 3120 quodque
1143 3043 1286 3105 P.Weiss

195 3138 422 3218 aequivalenter
436 3139 586 3201 affirmare
601 3137 730 3217 cogitur.
747 3139 855 3201 Nonne
871 3139 942 3201 inde
960 3139 1215 3203 contradictiones
1231 3157 1284 3203 seu

195 3239 459 3317 aequivocationes
483 3254 575 3317 supra
601 3238 735 3316 positae?
759 3239 867 3301 Nonne
894 3238 1003 3302 iterum
1030 3239 1100 3302 inde
1125 3240 1287 3304 deducitur

195 3336 365 3398 maximnm
381 3337 422 3398 rei
432 3335 559 3416 pondus
571 3353 636 3398 esse
650 3336 682 3397 in
693 3336 816 3399 notione
828 3337 969 3417 capitalis
981 3347 1118 3400 accurate
1130 3339 1283 3418 ponenda,

196 3451 288 3515 quam
311 3436 378 3514 ipsa
400 3435 528 3519 pecunia
552 3445 584 3497 ut
606 3436 733 3498 eandem
752 3441 984 3516 repraesentans
1005 3437 1187 3517 ingreditur,
1205 3437 1250 3500 vel
1266 3455 1305 3500 a

196 3552 257 3615 qua
272 3536 380 3598 saltem
395 3537 530 3615 separari
555 3537 670 3614 nequit.
688 3536 820 3598 Proinde
836 3536 966 3598 multum
982 3536 1078 3611 abest,
1103 3548 1135 3599 ut
1152 3535 1282 3613 videtur,

195 3636 270 3714 quin
287 3636 325 3697 cl.
344 3644 448 3699 auctor
468 3637 600 3699 tenuerit
617 3660 630 3692 «
646 3637 673 3699 le
687 3637 767 3714 juste
785 3637 892 3699 milieu
907 3659 920 3692 l
938 3639 983 3714 (r),
1001 3636 1124 3716 capitali
1146 3637 1287 3700 tribuens
1385 3625 1387 3631 ’

193 3733 428 3824 foecunditatem
445 3734 617 3810 formalem,
635 3734 806 3798 absolutam
828 3751 897 3798 vero
918 3735 1107 3798 sterilitatem
1123 3735 1282 3814 pecuniae.

227 3984 516 4133 fflngsessssfffia,
528 4067 619 4123 adbuc
635 4070 777 4136 sequentia
793 4070 934 4138 systemati
951 4070 979 4124 P.
992 4067 1081 4124 Weiss
1099 4073 1287 4129 annotemus:

228 4156 256 4210 1⁰
269 4155 392 4210 indebito
404 4154 487 4210 modo
499 4155 599 4210 minuit
611 4155 724 4210 modum
735 4154 906 4222 producendi
920 4153 1083 4210 modernum
1099 4152 1134 4209 ei.
1149 4169 1175 4220 p.
1189 4154 1238 4210 13⁰2
1250 4170 1284 4220 s.,

193 4238 257 4294 coll.
277 4237 337 4299 206,
356 4238 403 4294 ubi
423 4239 479 4293 imo
497 4238 564 4294 dicit
584 4257 591 4293 ι
611 4238 753 4294 «celles-ei
771 4238 822 4300 lies
840 4237 988 4300 machinas)
1006 4238 1063 4300 ont,
1083 4251 1190 4294 comme
1206 4252 1243 4295 on
1259 4239 1290 4296 le
