3242 4959
338 456 403 501 err.
420 457 452 503 u.
477 455 622 502 rnrnenm
639 455 785 502 sc1enrmn
799 455 999 503 scomsrrcnn.
1148 437 1208 502 tte

104 622 157 686 ·de
177 622 308 704 pecunia
331 639 392 702 qua
412 622 478 697 tati,
495 622 596 702 agitur
616 637 737 702 semper
758 622 795 687 de
816 628 972 686 contractu
992 620 1108 698 mutui;
1127 620 1207 702 qnod

107 736 174 786 nec
197 722 230 786 S.
246 721 379 787 Thomas
400 721 485 797 dicit,
503 720 683 798 cuminum
704 736 786 795 eum,
809 719 939 800 pecunia
960 736 1020 800 qua
1041 718 1112 782 talis
1133 736 1207 783 con·

104 820 227 893 ¹tractui
242 820 402 885 locationis
416 822 541 885 subesse
556 820 664 900 possit,
678 835 812 882 seucum
823 835 897 884 usus
911 819 1056 900 pecuniae
1072 835 1133 898 qua
1149 835 1203 898 pe·

103 919 239 994 cuniae,
252 935 344 999 quem
361 943 375 977 r
390 920 602 984 secundarium
615 935 669 983 seu
680 936 873 984 communem
887 942 901 977 ι»
917 928 1015 994 vocat,
1029 919 1067 982 ab
1081 918 1205 982 homine
1270 995 1271 998 Ἴ

120 1040 134 1074 ‹
149 1017 234 1081 licite
248 1017 338 1082 vendi
353 1040 366 1075 r
384 1019 493 1097 possit,
510 1019 572 1082 imo
588 1035 662 1081 usus
676 1018 825 1097 ejusdem,
839 1033 930 1098 ouem
945 1041 960 1075 α
975 1017 1175 1098 principalem
1190 1038 1204 1074 s

104 1116 206 1191 -dicit,
223 1117 390 1180 contractui
405 1117 560 1180 societatis
575 1116 696 1194 subjici.
714 1117 797 1190 Quae
812 1115 916 1180 omnia
930 1131 948 1178 a
963 1115 1052 1180 dictis
1068 1113 1205 1179 idoctori·

117 1215 178 1280 bus
193 1215 406 1280 admittuntur.

160 1315 320 1390 Quomodo
345 1325 446 1380 nutem
472 1316 601 1396 pecunia
624 1316 656 1378 in
682 1323 838 1380 contractu
863 1315 974 1378 cambit
996 1332 1062 1379 sese
1084 1316 1204 1394 babeat,

118 1413 247 1492 majoris
261 1423 308 1478 est
327 1414 485 1478 momenti.
503 1413 636 1478 Omnino
659 1413 748 1476 nobis
768 1412 981 1477 affirmandum
1000 1413 1099 1477 visum
1115 1423 1172 1490 est,
1190 1430 1208 1477 a

106 1512 150 1574 ·S.
168 1512 287 1576 Thoma
301 1512 462 1592 pecuniam
479 1520 550 1575 tunc
565 1527 619 1591 per
635 1527 667 1574 se
682 1510 880 1585 considerari,
898 1526 959 1573 non
979 1517 1012 1574 ut
1033 1527 1207 1577 mensuram

105 1619 147 1673 et
161 1611 296 1691 pretium
317 1626 419 1673 rerum
442 1611 504 1673 imo
526 1611 666 1690 quamvis
691 1609 731 1671 sit
752 1625 906 1684 mensura,
929 1609 983 1672 sed
1004 1618 1038 1672 ut
1057 1609 1206 1690 «aliquid

118 1724 174 1788 per
190 1724 223 1771 se
237 1731 265 1770 ».
282 1709 327 1770 ita
340 1708 432 1770 etiam
448 1707 562 1772 laudati
579 1716 716 1771 auctores
730 1707 884 1770 cambium
900 1707 958 1770 hoe
969 1707 1059 1771 modo
1071 1707 1207 1772 intellec·

119 1817 185 1871 tum
203 1806 285 1870 licite
300 1807 365 1870 fieri
380 1822 471 1886 posse
483 1823 519 1870 ae
534 1807 713 1886 saepissime
729 1807 793 1870 iieri
809 1823 871 1870 non
890 1806 1064 1871 dubitantes
1088 1823 1208 1871 asseve-
1313 1814 1315 1824 ¹

119 1914 201 1970 rant.
221 1906 421 1970 «Secundum
448 1907 561 1970 metalli
590 1916 744 1979 naturam,
762 1906 802 1968 ita
820 1907 1020 1970 Covarrnvias
1036 1908 1083 1984 (r),
1100 1905 1210 1986 poterit

103 2005 200 2083 ‚juste
214 2005 367 2068 numisma
383 2020 520 2078 aureum,
539 2013 707 2078 maurum,
724 2005 902 2084 permutari.
920 2013 972 2068 aut
991 2006 1079 2069 vendi
1101 2005 1210 2084 majori

119 2102 236 2183 precio,
254 2103 402 2182 quamsit
422 2103 468 2167 iiii
490 2120 508 2167 a
532 2103 701 2183 Republica
724 2113 858 2167 taxatum
876 2120 883 2166 :
901 2103 992 2167 modo
1013 2113 1210 2184 arrgmentum

118 2201 198 2268 iilud
227 2202 267 2265 sit
297 2203 452 2282 exiguum.
484 2204 570 2266 Hune
601 2203 779 2282 opinionem
815 2211 977 2266 tenuerunt
1006 2204 1207 2282 Syivester...,

120 2301 302 2365 bominicus
316 2303 441 2378 Soto...,
467 2301 669 2379 cajetanus...
686 2325 700 2358 t
718 2302 843 2366 Lessius
859 2304 894 2379 (2)
911 2311 1011 2366 autem
1033 2318 1094 2366 non
1116 2303 1209 2366 semel

108 2400 255 2464 ostendit
274 2400 426 2480 quomodo
449 2401 579 2480 pecunia
605 2400 638 2462 in
661 2401 780 2464 cambio
802 2409 836 2463 ut
857 2417 942 2465 merx
962 2401 1066 2466 baberi
1089 2401 1208 2483 possit:

122 2498 298 2578 «probatur
315 2515 322 2560 :
340 2498 413 2577 quia
433 2506 555 2561 scutum
580 2499 647 2560 auri
672 2499 843 2579 purissimi,
867 2499 914 2563 cui
936 2499 1011 2562 nihii
1034 2499 1125 2588 alieni
1147 2515 1210 2562 me·

119 2597 187 2660 taiii
213 2606 261 2660 est
285 2596 466 2671 admixtum,
488 2597 545 2660 etsi
574 2613 635 2661 non
657 2598 698 2660 sit
719 2598 844 2676 majoris
865 2606 951 2662 tarrae
975 2598 1095 2678 legalis,
1119 2615 1211 2678 quam

108 2704 242 2764 scutum
267 2696 334 2758 auri
363 2696 562 2776 impurioris;
593 2706 638 2760 est
668 2705 769 2760 tamen
795 2697 920 2775 majoris
945 2697 1034 2776 pretii
1062 2698 1209 2778 vulgaris

119 2793 238 2858 ratione
266 2795 427 2869 materiae;
459 2795 632 2857 communis
661 2796 744 2858 enim
772 2795 932 2858 bominum
966 2795 1079 2872 judicio
1113 2795 1211 2876 pluris

120 2892 311 2967 aestimatur,
328 2892 401 2971 quia
415 2893 559 2956 materiae
575 2892 777 2956 aestimabilis
792 2896 911 2972 (nempe
926 2893 1187 2973 auri)p1nsbabet
1201 2910 1208 2955 :

109 3005 193 3069 ergo
208 2991 308 3054 instar
321 2991 432 3054 merois
446 2992 545 3070 pluris
560 3000 659 3070 potest
674 2991 762 3054 vendi
782 2999 813 3054 et
833 2991 1026 3054 commutari.
1043 3014 1057 3047 u
1075 2992 1211 3072 itemque

121 3091 213 3153 sentit
238 3089 328 3155 Card.
352 3090 390 3154 de
417 3091 500 3170 Lugo
519 3092 554 3166 {ai
579 3107 586 3152 :
613 3105 682 3152 cum
704 3090 786 3153 enim
808 3091 927 3170 quaerit
944 3115 958 3148 t
974 3108 1013 3156 an
1037 3092 1070 3154 in
1091 3092 1210 3156 cambio

120 3193 239 3256 minuto
257 3208 313 3255 seu
333 3192 469 3254 manuali
492 3191 582 3254 liceat
601 3191 720 3254 lucrum
741 3192 888 3271 accipere,
909 3193 1030 3272 quando
1047 3192 1137 3256 datur
1150 3210 1211 3256 una

121 3300 244 3355 moneta
268 3306 323 3370 pro
349 3290 411 3354 alia
435 3291 570 3368 ejusdem
593 3289 707 3353 valoris
732 3289 840 3370 legatis
857 3313 886 3365 ›,
907 3291 986 3354 inter
1006 3291 1085 3354 alios
1107 3292 1212 3356 tituios

118 3391 234 3470 quibus
259 3390 350 3454 licere
375 3390 515 3465 affirmat,
540 3389 626 3469 ponit
652 3391 909 3470 «antiquitatem,
936 3391 1208 3471 pulchritudinem,

73 3538 84 3547 ..
113 3489 277 3554 ‚raritatem
297 3487 369 3551 taiis
388 3496 539 3563 monetae,
564 3487 783 3563 curiositatem,
807 3488 971 3552 utilitatem
993 3489 1031 3552 ad
1053 3489 1211 3554 historiam

120 3597 153 3652 et
172 3590 375 3655 eruditionem
396 3607 434 3653 ex
456 3590 510 3652 iila
531 3589 746 3676 colligendam,
768 3605 845 3668 quae
868 3588 985 3652 faciunt
1007 3599 1040 3652 ut
1060 3590 1123 3668 jam
1150 3606 1211 3653 non

113 3688 331 3752 consideretur
344 3688 430 3750 vaior
444 3687 564 3768 legalis,
583 3688 636 3752 sed
652 3687 813 3761 naturalis,
830 3703 922 3766 quem
939 3687 1031 3750 babet
1045 3687 1077 3750 in
1096 3688 1212 3750 ratione

71 3824 74 3839 ι
115 3787 233 3851 mercis
248 3786 451 3866 pretiosae...;
469 3786 631 3865 puritatem
647 3785 794 3863 majorem
810 3786 966 3861 materiae,
981 3786 1019 3849 ob
1032 3803 1123 3866 quam
1135 3786 1213 3849 inter

157 4026 190 4090 (1)
207 4025 246 4083 dt.
266 4027 393 4080 Veterum
406 4027 513 4080 cottotio
528 4027 730 4090 nontismotmo,
744 4039 767 4080 o.
783 4025 836 4088 vn,
850 4038 877 4079 n.
891 4023 916 4079 3.

159 4116 192 4180 (i)
209 4114 248 4173 Gi.
260 4130 302 4182 op.
315 4131 350 4181 ε..
362 4114 382 4171 1.
394 4117 426 4172 ll.
439 4130 463 4172 c.
477 4115 520 4180 23,
533 4114 599 4170 dub.
612 4116 638 4181 1,
651 4129 679 4170 n.
693 4114 738 4179 11;
753 4114 783 4170 it.
798 4128 826 4168 n.
840 4114 872 4169 11
884 4117 912 4170 et
924 4111 990 4169 dub.
1003 4111 1029 4180 1,
1042 4128 1069 4168 n.
1083 4112 1168 4170 nott.

161 4205 197 4269 (3)
214 4205 252 4264 dt
264 4221 307 4273 op.
319 4221 353 4271 c„
367 4205 438 4274 disp.
451 4206 560 4272 xxvm,
573 4206 640 4263 sect.
653 4205 684 4271 Π,
698 4220 725 4261 n.
738 4207 753 4261 'i
765 4208 793 4262 et
803 4204 829 4260 8.
