3242 4959
382 443 427 507 92
832 465 904 511 uuus
925 467 1022 512 aaron.

380 629 549 693 attribui...
567 631 674 717 Simile
689 631 762 712 quid
778 631 840 695 dici
855 632 943 696 debet
958 632 996 696 de
1018 633 1159 713 pecunia,
1177 631 1298 712 quaudo
1319 631 1477 695 characte-

382 744 448 792 rem
475 728 567 792 habet
589 731 871 810 repraesentatricis
896 731 1034 793 omnium
1060 746 1173 805 rerum,
1196 731 1288 794 etiam
1309 728 1477 809 senpitern-

386 843 484 888 romn
502 830 547 905 (a).
565 830 652 892 Hanc
669 851 683 885 e
701 829 791 909 ponci
818 827 1046 892 foecunditatem
1064 852 1078 885 ι
1102 828 1155 891 alii
1177 851 1191 886 e
1209 827 1476 907 productivitatem

381 924 548 988 virtualem
561 948 589 1003 ›,
608 943 626 989 a
643 950 657 983 ι
672 926 793 990 formali
809 950 822 982 n
841 925 1134 996 contradistinctam.
1151 927 1318 1007 appellant.

425 1024 491 1097 Quo
513 1023 712 1088 fundamento
736 1026 847 1105 posito,
868 1025 950 1088 idem
968 1025 1052 1088 vario
1066 1024 1157 1088 modo
1179 1023 1351 1088 adstruunt.
1373 1023 1474 1098 Multi,

355 1122 357 1126 ’
380 1121 486 1202 ipsum
502 1122 605 1202 potius
619 1123 799 1186 creditorem
816 1124 1025 1204 respicientes,
1040 1124 1080 1188 ita
1093 1131 1225 1202 arguunt
1238 1140 1245 1186 :
1260 1139 1330 1187 cum
1345 1122 1477 1203 pecunia

382 1220 549 1284 hodiedum
567 1222 608 1284 sit
629 1223 757 1301 capitale
774 1223 805 1284 in
828 1239 860 1285 se
877 1222 965 1303 quasi
979 1222 1168 1298 foecundum,
1183 1224 1235 1302 quui
1256 1223 1343 1285 illam
1365 1221 1472 1296 credit,

380 1321 503 1382 etiamsi
512 1321 549 1383 de
561 1319 640 1384 facto
653 1321 759 1385 eadem
769 1339 829 1384 uon
839 1322 971 1384 lucratus
979 1321 1098 1396 fuisset,
1108 1329 1209 1385 tamen
1217 1321 1254 1384 de
1263 1321 1342 1384 facto
1354 1336 1476 1400 semper

381 1426 466 1482 caret
479 1419 584 1498 aliqua
597 1435 631 1482 re
646 1437 722 1500 uiuae
736 1421 799 1498 jmn
814 1421 969 1482 communi
984 1421 1196 1484 aestimatione
1212 1421 1244 1484 in
1260 1437 1292 1483 se
1307 1421 1348 1483 sit
1362 1435 1474 1500 appre-

384 1516 509 1581 tiabilis.
541 1518 628 1582 Unde
654 1535 774 1598 semper
803 1519 960 1582 hodiernis
990 1520 1023 1581 in
1053 1519 1204 1597 adjunctis
1237 1519 1307 1582 talis
1340 1518 1474 1582 carentia

381 1616 517 1696 quodam
533 1618 668 1680 auctario
684 1627 730 1680 est
744 1618 983 1697 compensanda.

423 1716 493 1778 Alio
504 1716 595 1779 modo
608 1733 625 1779 a
638 1717 794 1781 nonnullis
806 1717 955 1780 sententia
967 1717 1147 1797 proponitur
1154 1717 1274 1792 eadem;
1289 1725 1318 1780 et
1329 1724 1400 1779 tunc
1413 1731 1473 1778 ros·

383 1815 494 1895 picitur
505 1817 683 1894 praesertim
696 1816 727 1884 id
740 1817 821 1896 quod
834 1816 1025 1879 mutuatorio
1037 1816 1181 1879 creditur.
1197 1817 1352 1878 Sententia
1364 1831 1474 1894 nempe

382 1915 535 1996 imprimis
551 1916 610 1978 duo
627 1918 776 1996 principia
792 1917 896 1979 statuit
915 1933 991 1996 quae
1008 1933 1133 1996 prorsus
1148 1917 1280 1978 theoriae
1296 1915 1474 1978 scolasticae

381 2014 591 2076 conveniunt:
612 2018 640 2092 ο)
657 2015 796 2094 aequalia
814 2016 891 2077 inter
909 2022 1097 2077 mutuantem
1118 2021 1146 2077 et
1167 2014 1385 2076 murtuatarium
1407 2028 1473 2075 esse

382 2114 579 2193 praestanda;
598 2122 627 2175 et
641 2114 668 2188 b)
684 2115 864 2176 creditorem
881 2124 986 2177 mutuo
1002 2130 1105 2177 revera
1120 2113 1285 2177 transferre
1307 2114 1350 2177 rei
1376 2112 1474 2176 domi-

382 2212 480 2287 nium,
496 2213 537 2275 ita
552 2221 586 2276 ut
600 2214 768 2276 auctarium
785 2213 950 2276 hodiedum
971 2213 1143 2276 universale
1162 2213 1340 2276 nullomodo
1361 2213 1475 2276 haben·

382 2311 455 2375 dum
471 2313 510 2374 sit
524 2322 557 2375 ut
571 2314 691 2392 fructus
706 2313 857 2392 capitalis,
875 2330 943 2376 cum
960 2330 1009 2376 res
1028 2313 1152 2377 domino
1175 2313 1345 2382 fructificet.
1363 2329 1419 2375 nec
1440 2319 1473 2374 ut

377 2427 456 2490 pars
478 2410 568 2486 lueri,
593 2427 662 2473 cum
684 2411 815 2474 creditor
837 2428 898 2474 uon
924 2413 965 2474 sit
989 2413 1101 2487 socius,
1124 2429 1179 2476 nec
1204 2421 1237 2474 ut
1262 2425 1473 2487 censoacum

383 2525 508 2572 censum
524 2526 623 2572 emere
635 2526 696 2572 non
713 2510 861 2572 intendat.
876 2511 958 2584 Quae
969 2511 1121 2590 principia
1137 2511 1306 2575 scolasticis
1318 2527 1391 2573 saue
1404 2515 1474 2572 sunt

381 2607 563 2671 conformia.
588 2609 663 2670 Cum
685 2618 785 2671 autem
808 2619 998 2689 supponatur
1020 2610 1111 2673 hodie
1137 2609 1238 2673 foenus
1264 2625 1384 2687 semper
1407 2623 1472 2671 esse

384 2706 513 2782 licitum,
527 2707 650 2769 titulum
666 2707 741 2770 lueri
758 2709 908 2770 cessantis
922 2709 1025 2771 stricte
1038 2716 1192 2788 sumptum
1207 2707 1311 2787 nequit
1325 2705 1470 2773 invocari.

383 2804 547 2883 siquidem.
569 2806 720 2868 contrario
742 2807 881 2884 probato,
905 2805 936 2870 id
959 2813 1004 2869 est
1026 2806 1063 2868 de
1086 2805 1166 2869 facto
1191 2806 1308 2868 lucrum
1331 2802 1472 2868 creditori

381 2919 444 2966 nou
459 2919 589 2979 cessare,
607 2905 774 2966 auctarium
790 2906 946 2984 percipere
962 2921 1024 2967 non
1040 2905 1154 2967 liceret.
1172 2905 1283 2966 Verum
1300 2904 1370 2965 licet
1382 2900 1472 2964 hodie

380 3018 501 3082 semper
521 3003 677 3082 percipere
702 3004 883 3072 auctarium.
909 3004 1028 3067 etiamsi
1055 3003 1136 3065 tituli
1162 3002 1322 3065 extrinseci
1348 3002 1381 3063 in
1401 3016 1472 3064 casu

381 3116 488 3163 omnes
502 3100 656 3175 deficiant,
671 3102 743 3179 quia
759 3102 922 3181 respondet
937 3102 1030 3165 alicui
1046 3101 1141 3163 valori
1157 3100 1243 3172 reali,
1258 3117 1363 3179 reapse
1378 3115 1396 3162 a
1411 3114 1471 3162 cre-

384 3197 481 3261 ditore
506 3197 637 3262 debitori
659 3208 777 3278 praeter
801 3199 963 3278 capitalem
990 3215 1142 3262 summam
1169 3215 1289 3279 semper
1314 3197 1469 3278 praestito.

382 3298 499 3377 Nempe
514 3299 599 3360 valor
613 3298 666 3360 ille
678 3299 770 3361 realis
782 3298 951 3361 formaliter
963 3300 994 3360 in
1006 3315 1041 3361 co
1054 3299 1193 3362 consistit
1205 3298 1297 3377 quod,
1311 3295 1471 3361 tribuendo

382 3397 555 3477 pecuniam,
573 3397 664 3460 simul
689 3399 879 3477 possibilitas
901 3414 954 3464 seu
977 3398 1106 3461 facultas
1128 3403 1267 3460 concreto
1290 3396 1470 3460 mutuatario

381 3496 526 3559 tribuitur
540 3496 644 3559 utendi
660 3496 739 3560 facto
755 3499 813 3561 hoc
827 3497 963 3578 peneroli
979 3498 1141 3576 pecuniam
1156 3513 1222 3560 esse
1238 3495 1468 3576 productivum:

380 3612 459 3675 quae
473 3595 601 3659 facultas
616 3597 769 3675 estpretio
789 3596 1001 3660 aestimabilis.
1023 3598 1107 3660 «Ces
1128 3593 1252 3658 intercus
1274 3611 1312 3657 ou
1336 3611 1369 3657 ce
1391 3593 1468 3674 prix,

379 3728 422 3741 ·-
436 3695 542 3758 scribit
562 3695 731 3758 Mastrolini
754 3696 818 3774 qui,
837 3694 918 3757 idem
940 3694 1172 3757 fundamentum
1194 3710 1322 3773 ponens,
1343 3691 1470 3755 ulterius

380 3794 526 3872 pecuniae
551 3793 731 3858 locationem
754 3793 900 3866 defendit,
922 3800 1052 3856 -sont
1079 3792 1273 3872 l'dquivalent
1297 3791 1334 3855 de
1357 3791 1469 3870 l’usagc

380 3893 433 3974 qui
457 3911 475 3956 a
502 3894 548 3958 dte
573 3893 673 3958 donne
700 3911 776 3974 pour
802 3895 983 3957 uncertain
1010 3903 1109 3973 temps
1134 3909 1252 3956 comme
1278 3892 1388 3954 devant
1409 3893 1470 3954 etre

380 3992 505 4056 restitue
529 3993 606 4056 dans
627 4001 674 4056 cet
697 3991 897 4071 equivalenti
916 3993 962 4069 (a).
979 3993 1173 4072 Exponentes
1192 3999 1323 4069 systema
1342 3991 1469 4052 Mastro-

411 4222 447 4286 (lt
463 4222 501 4278 Cf.
514 4224 543 4278 P.
557 4223 714 4286 Luuuuuuu,
734 4224 876 4288 Theolopiu
888 4223 1012 4287 moralis,
1026 4221 1069 4278 cd.
1083 4223 1121 4287 9¹,
1133 4224 1154 4289 Ι,
1168 4236 1194 4288 p.
1208 4219 1266 4276 cot.

411 4305 448 4368 (l)
465 4304 502 4360 dt.
515 4305 693 4369 bfssrnormr,
706 4320 748 4369 op.
761 4320 795 4369 c..
810 4319 837 4370 p.
851 4304 910 4359 lot.
