3242 4959
357 456 422 502 car.
439 459 461 502 r.
478 457 622 504 rumetum
636 458 784 506 screnum
797 459 1002 506 ouconorucnu.
1162 443 1223 510 145

136 650 143 672 ι
173 617 212 682 2⁰
228 617 298 682 ldeo
321 619 458 699 plerique
479 619 613 701 theologi
635 620 786 698 hodierni,
803 637 840 685 ac
860 622 975 699 eximii,
992 623 1071 688 hauc
1093 623 1224 688 dithoul-

131 725 229 782 tatem
245 719 357 784 directe
371 721 580 801 inspicientes,
597 721 659 784 alia
673 722 915 802 riaprooedunt.
933 723 964 786 Si
980 724 1045 804 ipse
1064 741 1224 804 possessor

131 819 266 898 pecunia
291 836 347 882 sua
372 820 477 896 ulitur,
500 819 606 884 eadem
627 837 705 900 quae
725 821 813 885 dicta-
829 829 901 885 sunt·
919 831 1072 899 statuunt;
1099 824 1125 886 si
1152 839 1226 888 vero

131 917 401 997 pecuniam-suam
415 919 502 982 alteri
524 918 629 987 credit.
647 921 789 998 quamvis
809 937 853 984 ex·
868 921 897 982 ui
913 919 1031 996 crediti,
1049 937 1109 1001 quo
1128 939 1222 1001 pecu·

132 1016 208 1078 niae
232 1017 404 1080 dominium
424 1017 634 1094 transferatur,
650 1018 877 1082 tautummodov
890 1020 1019 1099 pecnnia
1043 1020 1156 1085 credita
1183 1022 1227 1085 sit

132 1114 304 1190 reddenda,
321 1115 529 1179 err-hodiernis
542 1125 651 1179 tamen·
659 1115 812 1194 adjunctis
831 1117 974 1180 omnihus
993 1133 1114 1198 semper
1131 1135 1222 1198 pecu·

132 1212 271 1276 niaoum
282 1213 400 1276 ioenore
409 1222 456 1277 est
466 1214 680 1291 retribuenda:
693 1215 841 1278 hodierna
853 1224 953 1278 autem
964 1215 1107 1294 adiuncta
1123 1217 1225 1281 inhoc

123 1313 319 1388 consistunt,
334 1313 415 1393 quod
430 1315 575 1378 omnihus
588 1316 751 1395 pecuniam
766 1315 959 1380 credentibus
973 1331 1093 1396 semper
1105 1317 1226 1382 luorum

134 1411 250 1486 cessat3
267 1413 369 1475 existit
383 1429 505 1492 semper
519 1414 626 1477 titulus
640 1415 716 1478 lucri
732 1415 892 1489 cessantis,
910 1431 978 1478 cunr
994 1416 1151 1495 priventur
1165 1433 1223 1480 usu

132 1510 297 1589 pecuniae,¹
315 1509 480 1574 hodiedum
501 1513 645 1576 omnihus
666 1528 787 1592 semper
809 1514 906 1588 pretio
931 1514 1131 1592 aestimabili3
1149 1531 1226 1578 usus

132 1608 283 1688 pecuniae
294 1609 438 1672 omnihus
449 1627 570 1690 semper
583 1621 631 1674 est
644 1611 741 1690 pretio
756 1611 969 1686 aestimabilis,
984 1627 1053 1674 oum
1071 1613 1224 1692 «pecunia

133 1706 217 1770 iacta-
237 1708 278 1770 sit
300 1709 467 1788 capitale»,
490 1725 635 1772 seucum
659 1718 754 1773 exstet
774 1710 940 1774 hodiedum
965 1733 980 1800 ς
992 1712 1224 1793 pecunia-capi-

133 1806 233 1883 tale»,
257 1824 312 1871 seu
334 1824 403 1872 cum
431 1809 583 1888 «pecunia
604 1817 853 1872 naturamsuam
868 1809 1069 1881 mutaverit»,
1086 1825 1139 1872 seu
1154 1827 1224 1874 oum

134 1907 309 1970 communis
338 1908 378 1970 sit
405 1907 538 1989 facilitas
570 1923 630 1970 «ex
658 1907 788 1987 pecunia
818 1907 1021 1971 constituendi
1051 1910 1221 1989 capitale».

135 2005 255 2079 Quihus
279 2007 432 2085 expressis
457 2007 527 2070 licet
553 2006 647 2069 variis
672 2006 813 2068 terminis
837 2006 974 2070 exhiheri
1000 2007 1119 2071 videtur
1139 2009 1224 2072 notio

135 2121 208 2169 vera
223 2105 368 2185 pecuniae
383 2105 474 2168 etiam
489 2121 508 2168 a
521 2105 611 2168 nohis
625 2111 736 2167 statuta
751 2122 758 2167 ε
775 2106 960 2184 «pecuniam
976 2107 1140 2170 hodiedum
1155 2124 1226 2172 vere

134 2212 363 2284 repraesentare
374 2204 454 2267 hona
465 2205 569 2267 omnia
580 2204 758 2283 productiva
773 2204 951 2285 «capitale»
969 2205 1221 2270 constituentia».

136 2303 198 2367 Sed
210 2303 337 2382 insuper
350 2303 455 2366 eadem
468 2303 586 2371 theoria
597 2302 675 2366 lucri
688 2303 836 2366 cessantis
848 2303 889 2366 ita
905 2304 1062 2383 applicati,
1076 2302 1227 2384 implicite

135 2401 189 2465 sed
212 2401 383 2477 manifeste,
408 2402 626 2482 praesupponit
646 2402 802 2466 notionem
825 2402 929 2478 aliam,
957 2419 975 2464 a
1004 2403 1093 2466 nohis
1122 2403 1224 2482 quoad

135 2500 312 2564 essentialia
327 2500 511 2581 descriptam
532 2499 586 2562 scd
608 2499 744 2563 nondum
764 2500 867 2564 critice
888 2500 1096 2578 diiudicatum,
1114 2518 1225 2582 nempe

135 2600 292 2663 notionem
303 2599 481 2662 modernam
491 2597 632 2678 capitulis
643 2615 650 2660 :
661 2598 722 2659 uisi
734 2598 816 2660 enim
828 2598 907 2660 hano
919 2614 979 2677 qua
990 2598 1223 2663 fundamentum

136 2705 376 2783 supponeretit),
387 2703 537 2765 incentum
549 2717 611 2764 non
622 2701 927 2776 adstrueretur,luori
940 2702 1088 2765 cessantis
1101 2703 1223 2766 titulum

135 2975 232 3032 l'autre
243 2972 368 3030 consede
378 2972 530 3040 plusvalue
542 2971 643 3038 injuste
651 2971 699 3040 oui
710 2971 835 3037 provient
843 2971 892 3028 des
901 2970 1086 3037 soecularions
1097 2971 1225 3028 abusives

136 3056 172 3113 du
190 3069 344 3113 commeroe
361 3057 389 3110 et
407 3053 441 3110 dc
459 3053 483 3108 la
501 3054 615 3114 finanoe.
629 3056 686 3108 tant
699 3050 714 3108 a
725 3052 803 3108 l’aide
815 3052 849 3109 de
861 3053 914 3108 lois
931 3051 1097 3118 repressives
1109 3066 1162 3120 oue
1175 3067 1225 3119 par

135 3151 191 3195 une
200 3139 293 3194 bonne
303 3137 488 3203 organisation
500 3134 727 3201 professionnelle
738 3134 773 3191 de
784 3134 808 3190 la
821 3133 924 3191 sociere
933 3150 948 3180 r>
959 3137 996 3202 (p.
1007 3136 1074 3194 ilii.
1084 3162 1118 3172 —
1127 3135 1226 3202 Liquet

135 3237 201 3279 sane
212 3237 296 3279 nona
308 3222 394 3288 priori
406 3221 581 3276 statuendum
593 3234 654 3277 esse
664 3221 789 3286 capitale,
802 3219 877 3289 cuod
895 3221 1009 3288 pecunia
1028 3222 1222 3286 repraesentat,

134 3320 243 3372 semper
261 3305 458 3360 incrementum
473 3303 574 3357 valoris
589 3301 750 3368 producere,
759 3315 856 3358 vorum
874 3303 902 3357 iu
917 3317 980 3358 casu
997 3302 1146 3359 videndum
1163 3315 1225 3358 csse

135 3387 313 3453 alteserratis
333 3384 463 3441 omnihus
482 3384 590 3450 legibus
609 3384 770 3450 moralibus,
788 3399 882 3442 revera
905 3386 1057 3442 auctarium
1079 3384 1223 3451 producat.

135 3471 167 3526 lit
185 3470 222 3524 ita
241 3481 355 3533 prorsus
372 3466 462 3521 labilis
479 3466 589 3522 videtur
604 3467 695 3523 minor
706 3467 736 3521 iu
747 3467 908 3534 syllogismo
921 3468 1018 3533 posita.
1032 3468 1224 3523 Verumtamen

22 3572 23 3575 ¹
136 3565 280 3609 censemus
295 3549 484 3616 quaestionem
496 3547 531 3604 de
541 3547 645 3614 iustitia
658 3547 771 3604 ioeuoris
782 3562 816 3604 ex
829 3551 943 3615 pecunia
955 3549 1078 3605 noudum
1097 3550 1133 3604 na
1152 3549 1224 3606 solu·

135 3636 190 3690 tam
202 3647 265 3690 esse
276 3652 284 3688 ε
297 3633 333 3688 ita
345 3633 417 3688 enim
429 3633 555 3698 quaestio
567 3630 745 3687 reduceretur
762 3631 795 3686 ad
815 3635 1014 3697 productionem
1027 3643 1132 3698 rer·rm;
1146 3633 1223 3698 atoni

135 3715 242 3782 patebit
258 3717 352 3781 postea
369 3727 429 3769 eam
446 3712 551 3768 directe
568 3711 601 3767 ad
620 3713 833 3766 condictionem
846 3714 992 3780 pertinere,
1006 3712 1131 3779 ideoque.
1144 3713 1224 3779 ouid-

136 3797 203 3866 ouid
224 3798 261 3854 sit
281 3796 315 3854 de
330 3796 455 3852 euolario
476 3808 525 3860 per
544 3797 659 3861 capitote
677 3794 812 3861 producto
830 3809 923 3852 revera
942 3795 983 3851 vel
1003 3808 1058 3849 non
1077 3794 1221 3862 producto,

136 3879 325 3947 quaestionem
344 3876 434 3933 adhuc
454 3876 558 3932 moveri
577 3875 613 3932 de
632 3876 775 3937 honestate
794 3877 908 3932 auctarii
931 3889 965 3932 ex
987 3878 1099 3941 pecunia
1119 3875 1223 3934 eredita

137 3958 318 4026 percipiendi.
417 3961 420 3966 '

170 4041 206 4105 ll)
223 4039 300 4105 Quod
319 4039 391 4098 idem
408 4038 792 4104 advertitli.Snrur1uu,(Lo
807 4040 910 4094 rhiorie
927 4042 1054 4093 ocoderne
1071 4042 1106 4092 du
1125 4043 1225 4106 carnal

138 4128 163 4176 ct
175 4123 203 4176 lo
209 4123 317 4188 justice.
329 4135 356 4188 p.
370 4120 421 4185 39),
434 4135 497 4177 cum
509 4120 611 4176 scribat
624 4139 631 4175 :
644 4119 780 4186 «largent
798 4135 813 4175 a
832 4133 887 4176 une
905 4119 1048 4186 puissonoe
1060 4120 1226 4178 universelle

140 4204 328 4272 d’aeouisitiou
336 4207 423 4261 eison
431 4217 515 4270 usage
523 4202 590 4260 rend
600 4202 640 4260 les
648 4203 769 4260 diverses
779 4202 913 4260 richesses
923 4199 1223 4268 inierdohaugeahles...

1070 4307 1101 4358 lo
