3242 4959
493 446 558 494 cae.
575 447 607 492 rr.
625 447 662 492 nn
677 447 840 498 cunraacru
855 447 980 493 cunnum.
1218 430 1280 496 283

179 607 320 686 huiusce
345 605 498 671 facultatis
523 609 774 688 recompensatio.
802 609 908 689 ltaque
931 609 1017 673 «der
1040 610 1124 674 reine
1148 611 1221 673 Zins
1240 611 1281 675 ist

178 706 280 770 nicht
300 707 422 780 Frucht,
440 706 524 771 nicht
548 705 726 782 Dividenda,
746 707 832 772 nicht
853 709 959 785 liente,
977 709 1063 772 nicht
1082 708 1281 772 ln'teresseer·

180 814 268 880 sarz,
293 805 424 869 sondern
445 805 535 868 Pacis
559 807 613 884 fiir
633 806 721 869 einen
743 823 850 870 outscr
872 808 940 871 dem
963 807 1088 889 Capitol
1107 806 1206 870 dorcic
1230 808 1284 871 die

184 906 446 988 Creditleiotunp,
467 907 502 969 in
523 906 609 972 ibrer
627 907 775 971 Totnlitdt
795 910 973 988 ouspcsoost,
1000 908 1163 990 pebotenen
1189 907 1280 970 Recl-

180 1011 296 1068 wcrl›
314 1007 361 1083 (ι).

230 1202 315 1276 Quid
340 1201 378 1265 de
403 1203 460 1266 hac
484 1202 633 1266 sententia
658 1202 698 1265 sit
723 1201 897 1272 dicendum,
926 1219 962 1266 er
987 1203 1148 1284 principiis
1172 1203 1282 1284 positis

181 1301 361 1363 hauriatur.
380 1301 423 1363 be
437 1299 517 1363 iacto
534 1299 609 1363 lucri
625 1301 772 1364 cessantis
794 1300 1057 1364 universalissimo
1079 1317 1141 1364 non
1162 1310 1208 1364 est
1228 1315 1285 1364 cur

183 1399 381 1479 ambigatur;
403 1415 463 1478 quo
485 1407 585 1462 autem
607 1399 850 1480 praesupmsit,
876 1400 913 1464 de
934 1399 1001 1480 ipsa
1026 1399 1084 1463 hac
1108 1400 1224 1463 theoria
1248 1399 1282 1462 in

184 1497 300 1563 eodem
316 1497 442 1561 lundata
457 1499 568 1578 agitur.

231 1597 328 1676 Atqui
351 1596 515 1677 imprimis,
538 1612 607 1661 cum
634 1597 782 1660 sententia
807 1599 883 1661 haec
903 1597 1075 1677 proleratur
1095 1608 1129 1660 ut
1148 1596 1284 1660 theoriae

185 1697 371 1760 scolasticae
386 1713 456 1760 vera
471 1697 678 1777 interpretatio
693 1705 722 1760 et
737 1696 894 1760 hodiernis
909 1698 1061 1776 adiunctis
1075 1713 1158 1761 mera
1179 1696 1282 1777 appli-

185 1796 285 1870 catio,
311 1797 390 1858 inter
411 1805 525 1859 veteres
547 1812 585 1858 ne
605 1796 703 1858 ullum
729 1794 852 1875 quidem
880 1797 1052 1861 invenimus
1075 1798 1128 1878 qui
1154 1795 1282 1860 eandem

186 1894 323 1957 doceret.
349 1893 407 1957 scd
428 1892 596 1957 absurdum
617 1903 663 1956 est
684 1894 766 1973 loqui
788 1895 827 1957 de
849 1895 1010 1964 veteribus,
1033 1911 1104 1958 cum
1123 1903 1231 1976 agatur
1244 1893 1283 1958 de

186 1992 347 2072 adiunctis
371 1992 542 2056 hodiernis!
570 1993 696 2056 Minime
724 1999 843 2056 rerum!
871 1995 954 2079 eum,
973 1994 1138 2058 hodiedum
1164 1995 1282 2057 lucrum

186 2091 360 2154 universim
376 2099 483 2166 cesset,
502 2091 616 2154 theoria
637 2093 819 2171 proponitur
840 2092 980 2155 omnibus
1001 2093 1210 2172 applicabilis;
1227 2091 1283 2154 sed

187 2205 264 2254 cum
279 2189 365 2265 olim,
383 2189 513 2252 saeculis
533 2189 711 2270 praesertim
726 2191 794 2254 livi
817 2201 846 2254 et
861 2193 954 2267 lel,
973 2192 1090 2254 lucrum
1112 2192 1177 2270 jam¹
1197 2205 1282 2253 com-

187 2290 327 2354 muniter
341 2298 473 2353 cessaret
487 2290 519 2352 in
534 2290 637 2369 aliqua
653 2290 784 2365 civitate,
802 2291 847 2355 vcl
864 2293 998 2372 regione,
1017 2291 1061 2355 vel
1078 2299 1159 2355 certo
1179 2290 1280 2353 homi·

187 2403 268 2452 num
283 2389 397 2468 generi,
415 2398 487 2467 puta
503 2389 723 2453 mercatoribus
737 2391 1009 2470 Antverpiensibus
1022 2400 1157 2470 tempore
1170 2388 1278 2463 Lessii,

187 2486 310 2550 theoria
325 2486 430 2549 cadem
445 2487 552 2548 saltem
568 2486 764 2566 proponenda
780 2487 886 2565 luisset
913 2488 957 2550 ibi
976 2487 1024 2550 vel
1043 2487 1125 2550 bisce
1145 2486 1282 2567 applica·

187 2586 266 2650 bilis
281 2588 328 2664 (a).
346 2585 432 2660 Quod
447 2603 464 2648 a
480 2586 613 2662 nemine,
630 2587 661 2648 ni
681 2586 828 2663 fallimur,
846 2587 958 2651 lactum
981 2597 1026 2651 est
1043 2605 1050 2650 :
1070 2587 1203 2659 Lessius,
1227 2584 1280 2664 qui

188 2701 296 2750 revera
311 2699 378 2748 eam
393 2694 426 2748 ut
443 2709 457 2742 a
472 2685 562 2749 alicui
579 2685 682 2749 forsan
703 2686 922 2766 probabilem»
941 2685 1065 2766 profert,
1083 2696 1184 2749 tamen
1206 2701 1280 2748 con·

189 2783 299 2847 cedere
327 2799 388 2846 non
414 2784 516 2855 audet,
543 2793 573 2846 ct
601 2784 826 2862 aequivalenter
851 2784 892 2846 ita
918 2783 1074 2864 restringit
1102 2792 1135 2846 ut
1162 2783 1281 2846 lucrum

188 2897 316 2946 cessans
330 2882 432 2961 potius
447 2882 665 2946 mercatoribus
681 2890 891 2962 praesumatur
906 2885 953 2959 (a);
971 2883 1052 2962 quod
1075 2882 1211 2963 praecise
1234 2888 1281 2945 est

189 2987 325 3060 systema
346 2997 436 3060 supra
460 2997 476 3044 a
502 2981 591 3045 nobis
612 2981 755 3061 positum.
779 2979 826 3044 Ad
848 2988 981 3043 mentem
1002 2988 1103 3044 autem
1127 2979 1216 3044 Card.
1242 2979 1281 3043 de

190 3083 289 3162 ougo,
313 3071 552 3159 'responderetur
580 3079 754 3142 facultatem
788 3081 916 3160 pecunia
950 3079 1071 3154 utendi,
1103 3093 1280 3159 quaecum
1327 3134 1330 3140 .

189 3179 321 3260 pecunia
348 3178 495 3254 creditur,
530 3178 719 3258 compensari
750 3178 891 3242 facultate
921 3195 1013 3258 quarn
1041 3188 1111 3259 post
1135 3177 1279 3242 determi-

227 3442 262 3506 (l)
278 3439 315 3497 Gi.
329 3441 359 3495 li.
373 3441 468 3505 Posce,
481 3444 535 3493 ort.
549 3454 583 3504 c.,
596 3453 623 3505 p.
636 3439 679 3494 53.

226 3525 261 3588 (i)
278 3523 361 3587 ldem,
374 3515 469 3578 contra
481 3522 509 3577 P.
523 3523 647 3586 Anloine,
661 3522 730 3578 scite
746 3523 823 3577 notat
840 3522 862 3577 i.
876 3523 1020 3588 Raunaun,
1032 3523 1154 3576 Histoire
1166 3524 1212 3574 des
1223 3524 1283 3576 doc-

193 3611 279 3661 trines
297 3607 486 3670 emanationes,
506 3619 532 3671 p.
552 3605 610 3669 lid,
631 3606 685 3659 nl
706 3623 712 3659 :
731 3604 774 3658 «il
793 3608 836 3660 cst
855 3605 1084 3673 historiouement
1103 3603 1166 3660 laux
1184 3618 1238 3670 oue
1255 3604 1281 3661 la

193 3688 339 3756 puissonce
357 3686 517 3753 productive
535 3686 569 3743 de
587 3686 699 3752 l’argent
717 3687 771 3742 voit
788 3701 827 3742 un
845 3686 893 3742 luit
911 3689 972 3743 tout
991 3700 1125 3742 nouveau.
1138 3686 1195 3742 lille
1215 3687 1282 3752 peut

193 3776 307 3828 trouver
322 3771 490 3827 maintenaoi
507 3769 557 3825 des
574 3770 714 3825 occasions
732 3769 875 3834 beaucoup
894 3769 957 3835 plus
975 3768 1141 3836 frequentes,
1154 3771 1181 3824 et
1193 3768 1284 3826 meme

192 3855 244 3912 des
255 3856 396 3912 occasions
407 3853 597 3918 continuelles,
610 3852 645 3909 de
656 3852 790 3908 s'exercer
801 3852 894 3918 quelle
910 3867 965 3919 que
982 3853 1037 3908 soit
1048 3852 1236 3918 l’importenoe
1246 3852 1283 3910 de

195 3938 220 3993 la
232 3951 350 4002 somme;
369 3939 399 3994 el
415 3937 479 3994 c'esl
496 3949 568 4002 pour
585 3935 642 4000 cela
660 3949 715 4001 oue
733 3949 803 3990 nous
821 3949 905 3992 orions
921 3934 1051 4002 euplique
1061 3935 1181 3998 oilleurs,
1196 3950 1245 4002 par
1255 3935 1283 3992 la

195 4019 383 4088 presumption
401 4018 526 4086 generale
543 4018 658 4074 actuelle
675 4017 740 4074 d'un
758 4019 865 4071 tucrum
883 4033 997 4082 cessum,
1017 4018 1041 4073 la
1059 4018 1223 4084 permission
1243 4033 1281 4081 ou

195 4102 333 4159 toleronce
344 4115 399 4167 oue
410 4101 516 4168 l’Eglise
527 4113 541 4156 a
553 4101 694 4157 consentio
706 4115 740 4156 en
752 4099 827 4156 1830.
836 4115 853 4146 »

228 4184 262 4248 (3)
279 4183 316 4240 cl.
330 4183 448 4249 Lnssrus,
460 4197 502 4248 op.
515 4197 549 4247 c,
562 4182 581 4238 l.
594 4183 627 4248 11,
640 4195 664 4238 c.
677 4181 720 4248 ab,
733 4196 761 4238 n.
776 4182 824 4238 lau
835 4195 883 4246 rs,
896 4182 960 4238 coll.
973 4196 1001 4238 n.
1013 4181 1056 4238 tlt.
