3242 4959
360 489 424 534 cun.
442 489 474 534 u.
498 489 643 535 nnmerum
655 489 804 536 summae
818 489 1015 536 smnusrrcue.
1164 471 1227 536 iar

135 654 175 718 Et
203 654 305 734 quoad
334 654 519 736 particulare
548 655 775 735 phoenomenon
809 655 891 734 quod
921 655 1011 718 modo
1044 655 1076 718 in
1108 656 1231 720 cambio

135 753 228 816 locali
263 752 446 827 invenimus,
478 753 505 815 si
526 753 660 816 evolutio
684 753 745 818 dici
778 754 897 833 possit,
924 762 955 817 at
985 754 1078 817 simul
1109 761 1231 818 constat

134 867 205 916 esse
225 860 356 916 veterem
378 851 477 933 ipsam
501 852 659 916 notionem
679 851 733 915 sed
755 852 847 932 plene
869 852 1065 933 applicatam.
1084 853 1231 916 Doctrina

134 950 250 1014 etenim
276 951 362 1023 haec,
393 965 485 1029 quam
516 949 640 1013 Lessius
667 960 697 1013 et
727 951 811 1030 Lago
836 965 1061 1013 «communem
1079 973 1093 1006 ι
1110 949 1226 1025 dicunt,

134 1048 254 1129 duplici
267 1049 312 1112 illi
326 1048 525 1114 fundamento
537 1049 655 1120 nititur.
668 1048 751 1130 quod
765 1050 911 1129 Princeps
922 1049 1051 1113 scholae
1065 1048 1230 1113 essentiale

134 1156 290 1228 posuerat.
305 1149 434 1226 insuper
447 1157 626 1228 supponunt
639 1148 825 1211 clementum
840 1149 973 1228 primum
989 1149 1112 1212 nonnisi
1128 1149 1228 1228 regiu-

133 1261 208 1308 nem
223 1245 370 1326 pecuniae
386 1245 541 1325 propriam
558 1246 720 1325 respicere,
737 1246 867 1308 alterum
890 1261 961 1309 vcro
982 1247 1096 1325 ubique
1117 1262 1227 1308 usuve-

134 1343 203 1406 nire
231 1360 238 1404 :
269 1343 471 1406 «nonenim
500 1342 614 1405 habeut
640 1344 772 1423 pretium
803 1342 974 1421 legitimum
1000 1343 1060 1404 nisi
1088 1351 1228 1422 respectu

133 1451 328 1505 monetarum
343 1441 479 1520 eiusdem
496 1442 554 1505 loci
569 1464 583 1497 ›
598 1445 645 1519 ltl;
658 1442 823 1522 etquidem
836 1442 868 1505 iu
883 1442 940 1506 hac
951 1443 1073 1522 propria
1089 1444 1224 1521 regione.

136 1562 150 1596 ι
165 1540 215 1603 lex
231 1549 338 1602 taxans
352 1540 486 1603 valorem
497 1541 644 1620 pecuniae
656 1540 784 1621 legalem
800 1539 901 1602 solum
916 1539 1032 1620 obligat
1047 1539 1226 1615 creditores,

133 1648 166 1702 ut
183 1654 250 1701 eam
266 1647 420 1718 acceptent
433 1653 488 1718 pro
505 1647 587 1700 tanto
603 1639 714 1711 valore,
732 1648 762 1701 et
776 1637 929 1701 debitores
952 1654 990 1700 ne
1012 1638 1099 1701 illam
1121 1637 1229 1700 invitis

133 1737 255 1801 solvant
269 1752 325 1816 pro
339 1736 448 1815 majori
463 1737 581 1813 valore;
599 1752 672 1817 ergo
687 1752 808 1816 semper
822 1744 958 1798 remanet
972 1735 1057 1800 vator
1075 1735 1228 1799 naturalis

133 1843 163 1898 et
177 1834 324 1914 vulgaris,
342 1835 428 1912 qu'us
443 1834 683 1898 consideratione
699 1835 798 1914 possit
812 1834 941 1913 pecunia
956 1832 1062 1896 eadem
1076 1834 1174 1913 pluris
1189 1834 1222 1896 in

131 1935 183 1997 ltis
198 1950 290 2014 quam
307 1934 339 1996 in
361 1934 424 1996 illis
438 1934 676 1997 circumstantiis
692 1934 858 2008 aestimari,
878 1932 949 1996 licet
963 1949 1085 2014 semper
1100 1935 1226 1997 retineat

133 2036 267 2099 eundem
293 2037 427 2100 valorem
454 2036 611 2116 legalem·
637 2038 683 2113 (a).
708 2037 800 2114 Atqui
827 2037 859 2098 S.
881 2035 1029 2098 Thomam
1053 2034 1229 2098 audivimus

132 2135 284 2200 dicentem
302 2135 516 2199 «numismata
531 2151 592 2198 non
608 2145 725 2198 tantum
748 2137 847 2198 valere
869 2135 901 2197 in
923 2135 1101 2214 regionibus
1122 2143 1224 2198 extra·

133 2235 201 2297 neis
227 2251 318 2314 quam
344 2235 376 2297 in
402 2235 535 2316 propriis
553 2256 581 2308 ι,
599 2251 668 2297 cum
694 2242 830 2315 oporteat
853 2249 1039 2296 «recurrere
1065 2233 1103 2295 ad
1129 2242 1227 2296 artem

132 2333 539 2412 campsoriam»;ideoquec
546 2333 712 2414 proprium
722 2334 876 2395 numisma
888 2331 1222 2408 lmctuosiuscsseola).

132 2431 219 2506 Quod
245 2441 278 2493 ut
303 2431 502 2512 intelligatur,
520 2432 697 2512 requiritur,
713 2432 798 2510 iuxta
824 2431 1105 2510 interpretationem
1130 2447 1224 2511 supra

132 2531 314 2611 expositam,
342 2538 375 2592 ut
404 2531 475 2593 talis
500 2540 672 2594 contractus
697 2529 931 2610 permutationis
957 2539 1147 2609 supponatur
1170 2529 1223 2608 qui

132 2629 359 2709 aequivalenter
379 2631 419 2691 sit
440 2629 703 2710 emptio-venditio
729 2631 778 2707 (a).
803 2631 903 2704 Quum
925 2631 1019 2711 igitur
1039 2639 1140 2710 pateat
1159 2645 1219 2706 res,

132 2727 169 2792 de
185 2745 258 2792 voce
269 2744 331 2791 non
343 2729 383 2791 sit
395 2745 478 2792 cura.
493 2729 607 2802 Quodsi
623 2727 768 2792 historiae
779 2726 884 2792 forsan
898 2729 1057 2792 interesset
1072 2743 1223 2808 exponere

131 2829 285 2907 quomodo
314 2839 462 2909 puuctum
491 2829 579 2902 illud,
608 2830 640 2892 in
669 2827 877 2891 fundamentis
905 2829 993 2908 quasi
1024 2828 1219 2908 implicitum,

131 2928 230 2991 tribus
244 2929 358 3009 elapsis
373 2929 515 3003 saeculis,
532 2941 693 3009 postquam
714 2928 877 3007 principiis
898 2927 1068 2992 methodicc
1094 2928 1220 2991 studue-

131 3037 212 3103 mm,
229 3028 292 3105 jam
306 3037 400 3092 totum
412 3028 589 3108 explicitum
601 3027 775 3108 apparuerit
787 3031 822 3106 (5)
836 3045 843 3091 :
858 3029 915 3092 hoc
928 3037 1030 3091 tamen
1042 3027 1080 3091 ad
1094 3043 1221 3107 scopum

163 3250 198 3313 ll)
215 3249 253 3306 Gi.
266 3249 385 3314 Lnsstus,
398 3265 440 3316 op.
454 3265 488 3313 c..
502 3249 520 3304 l.
533 3250 565 3304 ll.
578 3264 602 3304 c.
616 3249 658 3313 93,
671 3249 738 3305 duh.
751 3249 777 3314 l,
789 3264 816 3303 n.
832 3248 873 3304 37.

163 3334 198 3396 (lt
216 3331 253 3388 Cl.
267 3347 302 3387 un
314 3333 399 3395 Luco.
412 3347 454 3397 op.
468 3347 502 3394 c..
515 3332 586 3398 disp.
600 3332 712 3395 xxvut,
726 3337 792 3388 sect.
806 3331 831 3391 3.
845 3347 872 3386 n.
886 3331 927 3386 ll.

164 3415 198 3478 (3)
215 3415 253 3472 ct.
266 3417 309 3469 Dc
320 3420 452 3481 reptmine
461 3419 623 3480 principum,
637 3416 665 3471 L.
678 3416 711 3479 ll,
723 3429 747 3470 c.
761 3415 802 3470 13.

163 3499 198 3562 (l)
214 3497 253 3555 dt.
267 3512 360 3564 supra,
374 3513 400 3564 p.
415 3497 473 3562 teu,
486 3513 514 3553 n.
528 3498 553 3553 l.
566 3525 600 3536 -
611 3499 714 3554 Revera
732 3499 758 3553 S.
773 3497 900 3560 Thomas,
915 3498 943 3552 in
954 3498 982 3552 i·
993 3499 1043 3564 iffi,
1059 3513 1087 3564 q.
1101 3497 1220 3561 LXXVII,

132 3581 180 3636 ubi
201 3581 259 3646 agit
277 3585 311 3644 de
330 3583 633 3644 emptione-venditoque,
656 3580 781 3647 loquitur
802 3578 838 3635 de
861 3579 977 3642 cambio.
1001 3578 1076 3646 quod
1096 3578 1173 3645 ponit
1190 3579 1220 3634 in

131 3662 225 3718 eadem
236 3663 307 3718 linea
318 3677 350 3718 ac
362 3663 591 3729 permutationem
604 3676 696 3718 rerum
714 3663 743 3718 et
757 3661 935 3716 denariorum
949 3661 1044 3727 :atqui
1058 3661 1123 3716 haec
1135 3660 1219 3714 mani·

132 3744 199 3802 leste
209 3748 253 3801 est
263 3744 508 3811 emptiovendttio.

163 3827 197 3890 (5)
214 3827 265 3892 Qui
287 3828 370 3883 uellet
393 3827 533 3882 notionem
557 3825 688 3892 pecuniae
712 3826 876 3891 investigare
899 3825 927 3880 io
950 3839 999 3880 sua
1023 3823 1180 3880 evolutione
1202 3837 1220 3878 a

132 3909 158 3963 S.
170 3909 273 3965 Thoma
285 3909 317 3965 ad
331 3910 466 3964 Scacclam
477 3909 635 3973 (Tractatio
650 3911 683 3962 de
699 3911 868 3962 commerciis
886 3913 911 3961 ct
929 3907 1047 3970 comitas,
1060 3919 1131 3960 anno
1144 3902 1221 3966 idid)

132 3989 202 4056 legal
225 3992 425 4057 expositionem
450 3991 484 4047 ab
503 3992 649 4046 munuum
675 3988 771 4044 lactem
800 3989 963 4052 (Studien...,
984 3988 1016 4052 ll,
1039 4001 1065 4052 p.
1087 3985 1218 4050 mutii),

132 4073 209 4139 maius
232 4074 382 4138 elementa,
411 4073 434 4129 si
458 4073 510 4130 rite
532 4075 745 4140 componantur,
771 4069 944 4126 manifestant
973 4069 1087 4126 eandem
1109 4081 1222 4135 semper

132 4156 263 4212 mansisse
280 4157 411 4222 pecuniae
429 4156 578 4218 notionem.
598 4152 699 4210 nedum
718 4153 746 4208 in
766 4153 931 4208 contrariam
952 4152 1118 4207 transiverit.
1140 4151 1219 4216 Quod

132 4251 196 4293 vcro
207 4241 311 4304 spectat
328 4238 537 4305 applicationem
555 4235 678 4303 ejusdcm
696 4235 817 4292 notionis
835 4234 868 4289 ad
886 4233 1033 4300 mmbium,
1045 4231 1081 4290 ci.
1094 4249 1137 4300 op.
1149 4249 1183 4298 c..
1195 4235 1220 4298 l,
