3242 4959
370 506 434 554 cnr.
452 508 474 554 1.
491 508 634 553 rnrncuun
649 507 796 554 scrcnrutu
810 508 1014 554 occonourcnu.
1177 492 1247 555 lle·

131 669 189 733 de
214 687 278 735 usu·
296 687 437 752 expresse
467 672 499 735 in
528 673 585 735 bac
616 672 681 753 lege
709 673 865 748 fundatur,
894 674 1027 737 valorem
1057 675 1238 756 productum

137 771 343 850 aequivalere
375 771 471 834 valori
504 771 722 835 elementorum
756 772 947 852 productioni
978 773 1234 836 concurrentium.

141 867 296 941 Quamvis
312 877 413 933 autern
433 870 493 934 duo
512 871 587 934 baec
608 872 771 951 principia,
789 881 880 952 prout
895 880 1014 949 sonant,
1033 874 1092 936 sibi
1108 874 1237 937 invicem

133 969 289 1047 opposita
318 969 504 1048 habeantur,
536 972 665 1034 multum
696 972 781 1035 abest
810 972 884 1051 quin
914 972 992 1035 inter
1021 989 1056 1035 ea
1085 972 1237 1052 oppositio

133 1066 295 1145 -obJective
311 1069 467 1132 consistat.
484 1070 604 1133 Etenim
627 1071 679 1149 qui
702 1069 956 1150 aequivalentium
979 1069 1151 1146 adstruunt,
1168 1071 1238 1134 sub·

137 1175 275 1228 sumunt
288 1167 347 1230 boc
361 1168 451 1231 modo
466 1184 473 1231 :
488 1169 587 1249 atqui,
601 1169 686 1232 valor
701 1170 866 1249 productus
881 1186 943 1231 non
959 1168 1128 1249 aequivalet
1142 1169 1236 1231 valori

140 1273 215 1326 tum
239 1264 362 1340 laboris,
381 1273 445 1328 tum
463 1266 579 1330 fructus
601 1269 760 1340 naturalis,
778 1275 844 1330 tum
860 1268 982 1330 demum
999 1267 1138 1347 capitalis
1153 1267 1185 1329 in
1205 1283 1237 1330 se

138 1379 186 1426 ac
202 1363 439 1427 substantialiter
455 1364 656 1442 considerati;
674 1383 756 1446 erqo,
775 1376 893 1446 praeter
915 1367 973 1428 tria
993 1367 1067 1428 baec
1088 1365 1238 1428 elementa
1265 1400 1268 1405 -

142 1461 360 1541 producentia,
378 1462 461 1525 aliud
481 1474 525 1526 est
546 1465 754 1543 quaerendum
776 1474 809 1527 ut
831 1465 971 1544 aequatio
988 1465 1039 1526 liat
1063 1481 1070 1526 :
1095 1463 1176 1542 quod
1198 1463 1237 1550 sit

144 1577 227 1620 usus
248 1560 388 1641 capitalis
409 1561 506 1640 pretio
528 1561 740 1625 aestimabilis.
767 1563 899 1627 Proinde
924 1571 1006 1643 patet
1031 1564 1063 1626 1ο
1088 1564 1236 1626 minorem

142 1658 218 1720 heic
231 1659 492 1723 subintroductam
508 1677 574 1722 esse
589 1661 670 1723 idem
686 1662 788 1741 ipsum
803 1662 923 1724 axioma
938 1661 976 1724 ab
992 1661 1061 1724 aliis
1077 1662 1109 1723 in
1124 1660 1237 1738 majore

140 1757 328 1838 allegatum,
338 1758 503 1838 cti⁰ipsos
513 1759 805 1838 capitalisuirtutem
816 1759 1042 1822 ioecundantcm
1053 1773 1234 1839 supponere,

135 1873 220 1920 *cum
246 1857 387 1936 capitalis
414 1857 484 1919 usui
514 1858 682 1921 auctarium
711 1859 879 1921 tribuant:
908 1858 1060 1937 quomodo
1091 1857 1171 1920 enim
1201 1871 1238 1918 ex

136 1957 291 2036 capitalis
311 1973 370 2018 usu
391 1956 560 2020 formaliter
584 1959 753 2021 auctarium
775 1958 888 2020 valoris
909 1965 1067 2028 cresceret,
1092 1957 1151 2019 nisi
1177 1955 1237 2036 ipsi

137 2054 285 2135 capitali,
306 2055 387 2135 quod
408 2072 467 2118 usu
487 2054 658 2125 adhibetur,
679 2057 779 2118 uirtus
802 2056 915 2118 inesset
935 2055 1010 2118 illud
1031 2053 1237 2133 producendi?

140 2153 292 2217 Vicissim
318 2154 370 2234 qui
395 2170 538 2233 expresse
563 2155 661 2234 ipsius
687 2156 828 2235 capitalis
851 2155 913 2216 vim
935 2154 1144 2233 productivum
1168 2169 1238 2232 pro

141 2260 298 2332 pugnant,
314 2252 421 2314 saltem
438 2252 585 2331 implicite
601 2268 668 2315 eam
684 2253 756 2314 usui
767 2252 908 2332 capitalis
921 2252 1067 2326 tribuunt,
1078 2266 1147 2314 cum
1159 2250 1235 2312 nibil

141 2351 273 2431 capitali
289 2351 435 2424 tribuant,
449 2352 509 2414 nisi
525 2353 654 2431 capitale
669 2363 737 2416 actu
750 2352 950 2432 coniungatur
961 2359 1086 2413 naturae
1098 2357 1127 2413 et
1138 2349 1235 2413 labori

141 2450 188 2513 ad
204 2451 446 2530 producendum.

192 2547 416 2612 Concludamus
445 2566 452 2610 :
478 2549 562 2625 jnxla
589 2559 692 2612 notam
718 2549 841 2629 capitali
867 2548 1071 2623 essentialem,
1099 2548 1132 2609 in
1161 2563 1237 2626 qua-

144 2662 280 2725 cumque
294 2646 491 2726 productione
506 2647 591 2710 adest
607 2663 727 2727 semper
741 2647 911 2710 auctarium
926 2645 1048 2726 capitali
1069 2645 1236 2707 attribuen-

140 2745 241 2821 -dum;
268 2754 385 2824 oportet
402 2762 438 2807 ex
456 2746 575 2824 justitia
596 2755 630 2808 ut
651 2746 820 2808 auctarium
842 2745 969 2825 capitoli
990 2744 1140 2818 obveniat,
1165 2743 1237 2822 quia

140 2843 278 2924 capitoli
299 2845 399 2907 uirtus
420 2843 500 2906 illud
522 2845 697 2907 auctarium
722 2844 891 2924 quaerendi
914 2843 1070 2906 naturalis
1085 2843 1174 2904 inest.
1192 2843 1237 2905 lta

141 2951 299 3018 auctores,
328 2942 380 3021 qui
406 2941 670 3021 productivitatem
693 2943 829 3020 ejusdem
851 2941 1022 3016 formalem,
1050 2956 1236 3030 quamquam

147 3041 264 3121 triplici
291 3040 382 3104 modo
408 3039 539 3114 diverso,
568 3049 771 3120 propugnant.
804 3040 901 3103 Simul
924 3049 1025 3102 autem
1054 3039 1086 3101 in
1112 3039 1236 3103 illorum

150 3149 324 3218 systemate,
341 3147 374 3201 ut
395 3139 579 3214 notavimus,
605 3140 667 3202 trio
689 3139 838 3203 elementa
862 3138 1092 3219 productionem
1116 3138 1236 3218 agentia

142 3237 298 3318 distingui
320 3237 428 3310 solent,
447 3253 482 3300 ao
503 3238 632 3317 capitale
653 3248 765 3301 aterna
780 3248 809 3301 et
825 3237 927 3302 labore
948 3237 1081 3300 humano
1106 3237 1233 3301 secerni.

190 3437 226 3500 2⁰
241 3437 388 3516 Reliquae
400 3437 477 3500 duae
488 3437 654 3500 sententiae
666 3437 712 3513 (ι),
728 3452 805 3516 quae
817 3444 897 3515 apte,
912 3435 1011 3515 quoad
1028 3435 1236 3515 quaestionem

146 3546 299 3610 nostram,
313 3537 369 3600 sub
381 3551 491 3616 genere
502 3536 676 3615 systematis
687 3559 701 3591 «
712 3535 856 3599 classici»
871 3535 959 3615 quasi
970 3536 1086 3614 species
1098 3536 1232 3610 veniunt,

145 3653 220 3700 cum
235 3638 336 3718 priore
351 3637 531 3716 opinionum
553 3637 631 3699 serie
646 3635 737 3698 modo
751 3635 889 3714 exposita
905 3642 1086 3714 congruunt,
1103 3634 1235 3713 eoquod

151 3735 315 3799 admittunt
335 3735 368 3798 in
388 3735 501 3798 valoris
523 3735 661 3815 producti
683 3731 901 3796 distributione
923 3747 1043 3812 semper
1067 3747 1102 3794 ac
1123 3747 1178 3811 per
1203 3749 1235 3795 se
1313 3752 1315 3756 ·

152 3834 320 3898 auctarium
342 3832 496 3913 quoddam
517 3832 706 3912 capitalistae
725 3830 805 3909 J‘uste
831 3828 1057 3892 attribuendum
1083 3844 1168 3904 esse;
1197 3829 1235 3893 ab

151 3930 215 3994 illis
242 3947 314 3994 vero
338 3931 479 4011 specifice
505 3929 658 4005 differunt,
676 3946 711 3993 eo
737 3928 819 4008 quod
840 3930 872 3991 in
891 3927 1094 4009 productione
1118 3927 1236 3992 nullam

146 4030 275 4110 capitali
296 4029 439 4093 uirtutem
453 4029 681 4093 ioecuodautem
701 4037 881 4108 agnoscunt.
900 4026 986 4092 Unde
1007 4044 1062 4090 nec
1084 4026 1236 4107 triplicem

177 4251 218 4314 ll)
233 4251 272 4307 be
283 4249 340 4306 illis
351 4249 458 4306 duabus
470 4251 595 4314 theoriis,
608 4249 643 4306 ci.
656 4252 731 4305 Poro
742 4253 830 4316 prior,
843 4265 870 4316 p.
883 4249 966 4308 ouer.
