3242 4959
334 436 398 482 car.
415 436 436 481 1.
454 416 597 482 amacura
612 436 978 482 3313311111313313111313.
1139 418 1197 483 111

106 596 286 679 magendo
307 599 350 662 im
372 599 481 663 Emste
503 599 570 662 eine
591 599 804 662 immaterieiie
820 600 1025 662 Wertsumme
1045 600 1120 663 oder
1134 601 1202 664 Cir-

107 697 345 761 oulationskrait
359 705 437 761 etwa
455 699 539 762 iiorn
554 698 677 762 mairien
698 698 771 762 oder
791 699 874 762 Garn
895 699 1025 778 spinncn
1047 698 1120 762 oder
1139 700 1201 763 den

106 796 216 860 Boden
235 797 412 877 umpilirgen
434 795 508 860 oder
528 799 648 860 Lasten
660 796 824 861 beidrdern
844 798 936 870 kann,
961 796 1034 860 oder
1054 798 1093 862 ob
1114 797 1199 861 dicse

107 894 247 959 schdnen
263 897 360 976 Dinge
375 896 460 958 nicht
474 895 552 960 doch
567 896 664 960 durch
679 896 728 960 die
743 897 903 976 gemeincn
918 896 1091 960 sachiiehen
1107 896 1202 960 Gitter

106 995 225 1071 11111113,
248 995 441 1075 Spinnstuhi,
460 993 562 1074 rung,
580 996 772 1059 Loeomotive
793 995 921 1059 bewirkt
941 995 1063 1058 werden
1086 1013 1094 1059 :
1117 995 1201 1060 dann

106 1093 238 1157 wirrden
259 1095 303 1156 sie
325 1094 404 1157 wohl
428 1095 461 1156 in
483 1093 1201 1174 13111313131133331311331311133.1133331113

107 1193 270 1256 Gewissen
291 1192 420 1273 gefragu
445 1191 579 1256 kdnnten
601 1193 646 1255 sie
667 1194 758 1255 kaum
781 1192 925 1273 lingum,
948 1193 1020 1256 dass
1045 1193 1089 1256 sie
1113 1200 1206 1257 unter

107 1292 181 1355 dem
202 1293 320 1355 Namen
335 1292 452 1372 Capita}
475 1291 638 1372 cigentiich
653 1291 731 1356 doch
746 1293 857 1354 immer
871 1309 911 1355 an
926 1292 1081 1372 dasJ'enige
1096 1292 1198 1357 Etwas

108 1392 242 1472 gedacirt
260 1392 371 1467 haben,
389 1392 444 1455 das
459 1391 518 1454 den
533 1392 696 1456 Menschen
712 1392 743 1455 in
758 1392 841 1456 ihrer
855 1392 1041 1456 Produktion
1062 1394 1201 1456 arbeiten

108 1488 183 1552 hiift
207 1488 270 1552 und
295 1490 405 1552 dessen
431 1489 523 1554 derbe
545 1489 785 1570 iidrperiichkeit
807 1492 942 1555 schlecht
962 1508 1015 1555 zur
1035 1493 1197 1555 131331113-

109 1589 286 1654 abstracten
307 1588 471 1653 Definition
492 1589 547 1652 der
569 1589 837 1654 «Wertsumme»
861 1590 934 1654 oder
954 1590 1009 1654 der
1032 1591 1201 1655 ‹circula-

108 1685 302 1748 tionskraft»
319 1695 433 1767 passt»
453 1689 502 1765 (1).

152 1786 204 1859 tt,
228 1801 288 1864 quo
310 1785 420 1849 meiius
445 1786 549 1850 omnia
573 1786 773 1866 explicentur.
797 1804 834 1850 ao
859 1787 951 1850 simul
977 1796 1011 1851 ut
1035 1788 1201 1868 unicuique

110 1899 203 1947 suum
219 1884 380 1959 tribuatur,
397 1883 541 1948 adnotare
557 1884 687 1947 rotimus
702 1884 740 1948 ad
756 1886 848 1948 talem
864 1885 1056 1966 concipiendi
1074 1886 1201 1950 modum

111 1999 129 2044 a
143 1981 346 2045 communiori
367 1982 534 2061 peritorum
556 1983 700 2063 loquendi
723 1983 813 2048 modo
829 2001 891 2047 non
907 1985 1036 2066 tongum.
1046 2001 1113 2048 esse
1128 1985 1196 2049 iter.

111 2081 341 2143 praetermissis
355 2081 491 2153 assertis,
508 2081 612 2161 quaiia
626 2081 779 2162 imprimis
794 2099 812 2144 3
826 2083 853 2146 J.
869 2084 902 2145 B.
917 2083 975 2162 Say
991 2082 1197 2164 proferuntur,

111 2178 225 2257 quibus
240 2179 369 2259 capitale
383 2180 509 2259 ponitur
522 2179 623 2260 potius
635 2181 667 2242 in
679 2181 780 2244 valore
795 2181 866 2261 pius
881 2182 1020 2244 minusve
1035 2183 1198 2257 abstracto,

112 2278 254 2356 quamvis
276 2295 338 2340 non
359 2294 378 2340 3
398 2279 490 2342 rebus
510 2279 725 2360 independenti
746 2283 793 2358 (3),
817 2280 999 2344 attendenda
1019 2281 1198 2361 praesertim

113 2386 159 2441 est
180 2378 297 2440 theoria
318 2395 395 2458 quae
421 2379 583 2459 pecuniam
609 2397 669 2460 qua
694 2381 786 2443 tatem
811 2380 903 2444 hahet
926 2390 960 2445 ut
980 2381 1114 2444 vaiorem
1137 2395 1200 2443 non

112 2484 231 2539 tantum
247 2478 471 2557 significantem
485 2495 521 2542 33
536 2489 824 2560 repraesentantem,
842 2479 895 2542 sed
910 2481 1036 2560 insuper
1048 2494 1118 2542 occe
1127 2495 1202 2560 por-

114 2581 256 2639 tantem:
282 2577 366 2640 «das
386 2575 462 2640 Geld
480 2568 525 2640 ist
545 2578 623 2653 aiso,
646 2578 688 2640 ita
710 2578 971 2659 Reichensperger
991 2587 1060 2659 post
1079 2587 1110 2641 et
1129 2583 1198 2640 ante

113 2675 276 2754 plurimos,
302 2676 361 2738 wie
386 2691 445 2739 ron
468 2676 601 2756 savigny
621 2694 655 2740 es
673 2677 784 2757 richtig
804 2677 991 2752 bezeichnet,
1007 2676 1124 2740 sowohi
1146 2675 1203 2738 der

114 2773 239 2848 Messer,
256 2772 303 2835 ais
318 2773 371 2836 der
385 2773 500 2854 Triger
515 2773 569 2837 des
583 2774 873 2854 Vermdgensmacht
888 2775 930 2837 im
947 2775 1048 2838 Laude
1063 2798 1077 2832 »
1095 2776 1200 2852 (31111

115 2871 342 2951 suprapositis,
360 2870 397 2934 de
416 2872 474 2935 1133
492 2880 608 2936 3333113
620 2872 782 2951 judicetur.
800 2871 915 2946 Quodsi
930 2873 1070 2952 pecunia,
1085 2866 1202 2936 iormass

115 2968 184 3032 liter
199 2985 259 3048 qua
274 2969 414 3050 pecunia,
432 2977 462 3032 et
476 2986 538 3033 non
554 2977 671 3033 tantum
685 2986 746 3049 qua
765 2985 862 3044 merx,
880 2985 986 3032 omnes
1000 2971 1118 3034 naiores
1134 2987 1203 3034 vere

116 3085 218 3134 secum
239 3079 349 3149 portet,
372 3071 523 3152 numquid
543 3071 718 3135 mirandum
741 3072 772 3134 in
795 3072 896 3152 ipsam
916 3070 1091 3135 eorumdem
1106 3073 1200 3138 etiam

116 3168 290 3248 qualitates,
307 3169 549 3250 nominatimque
563 3169 829 3251 productivitatem
846 3170 1022 3234 transferri?

159 3491 333 3555 Conclusio.
348 3493 483 3556 -Haec
504 3492 545 3555 311
567 3509 640 3574 ergo
660 3494 815 3558 conclusio
838 3510 943 3558 eorum
966 3494 1102 3558 omnium
1124 3511 1202 3576 quae

148 3693 182 3756 (1)
199 3691 419 3758 Romi-Barcnnu,
431 3707 474 3758 op.
487 3707 521 3756 c..
535 3693 567 3758 Π,
580 3708 608 3760 p.
621 3693 652 3749 61
665 3708 689 3748 3.

148 3776 183 3839 (1)
199 3775 265 3831 J.·B.
278 3775 332 3831 sau
344 3776 441 3840 (Ccors
450 3779 572 3842 comptor,
582 3779 604 3842 1.
613 3777 657 3833 ch.
671 3777 735 3837 Vili)
745 3775 878 3843 producta
889 3777 963 3833 varia
974 3776 1076 3832 laboris
1088 3774 1200 3832 humaui

117 3864 195 3918 vocat
205 3873 222 3908 ‹‘‹
233 3859 348 3926 33311313
358 3874 384 3925 a.
397 3864 426 3916 31
436 3860 557 3917 valorem
568 3862 692 3917 omnium
703 3860 786 3917 simul
799 3861 947 3918 «valorem
958 3861 1081 3926 capitalis
1089 3875 1119 3926 »;
1136 3859 1201 3916 dein

119 3945 194 3998 notat
205 3942 279 3998 huno
290 3941 410 3999 valorem
420 3943 544 4010 capitalis
554 3943 671 4000 diversis
682 3941 778 3998 formis
789 3957 872 4010 posse
882 3943 1004 4007 subesse.
1014 3945 1042 3999 et
1054 3941 1118 3998 inde
1128 3941 1202 4000 huno

120 4027 293 4092 «valorem»,
302 4041 367 4083 cum
376 4028 448 4084 inest
459 4027 574 4094 objectis
582 4041 652 4096 uuae
661 4027 694 4084 ad
703 4028 914 4095 productionem
921 4031 1098 4092 concurrunt.
1109 4027 1202 4094 «mpi-

121 4108 1204 4175 31333331331,«333113133131331333311333131».Ε11131113131313131331»

123 4191 253 4258 accpitali
265 4190 790 4260 31113311133331333313311311311313.

152 4271 186 4337 (3)
201 4274 454 4339 immundam,
466 4288 508 4340 op.
521 4289 555 4340 c..
568 4289 596 4342 p.
608 4273 652 4330 15.
