3242 4959
364 441 428 487 otte.
447 441 478 485 11.
497 441 641 486 voluclum
655 441 801 486 sotunrtnu
817 440 1015 488 scotnsttctu.
1174 423 1233 488 167

140 622 206 677 rea,
233 603 370 684 adeoque
390 603 497 667 eadem
519 620 554 666 ao
579 613 695 667 caetera
721 605 839 668 venalia
865 606 980 669 ratione
1006 605 1159 669 induatur.
1187 605 1235 670 Ab

141 703 236 766 initio
266 712 406 766 notemus
435 703 670 783 oppositionem.
695 719 787 781 quam
819 706 849 766 S.
878 704 1010 766 Thomas
1042 703 1128 784 ponit
1156 703 1235 766 inter

140 803 308 883 pecuniam
337 809 487 881 quatenus
509 818 652 864 mensura
674 811 730 875 est,
762 812 792 864 et
821 804 981 881 pecuniam
1010 813 1159 882 quatenus
1189 809 1235 864 est

141 899 264 979 aliquid
288 917 380 979 :qua
409 900 602 979 oppositione
628 900 738 962 iterem
764 901 961 963 confirmatur
987 900 1069 962 notio
1095 899 1235 962 formalis

140 999 305 1080 pecuniae,
322 1015 414 1078 quam
429 999 595 1078 Angelieus
611 999 765 1062 adstruere
782 999 871 1061 nobis
888 999 1016 1062 videtur.
1217 1071 1220 1076 ,

190 1102 274 1162 «Per
289 1117 321 1162 se
336 1099 453 1180 aliquid
476 1117 542 1162 esse
563 1109 677 1178 potest;
702 1107 774 1180 puta
796 1101 822 1162 si
845 1101 1001 1175 condetur,
1026 1101 1083 1163 erit
1104 1101 1230 1180 aliquid,

139 1199 288 1262 videlicet
303 1215 412 1261 aurum
427 1199 472 1260 vel
489 1207 659 1278 argentum.
674 1199 754 1278 Ergo
769 1214 889 1277 semper
904 1216 967 1260 non
982 1198 1179 1286 ordinabitur
1193 1199 1234 1260 qd

136 1299 412 1379 permutationes»
431 1299 477 1374 (tl.
496 1299 617 1360 Scilicet
635 1298 720 1374 juxta
741 1315 834 1377 supra
856 1297 947 1372 dieta,
966 1315 1035 1360 eum
1055 1299 1185 1378 pecunia
1201 1308 1234 1361 ut

141 1413 291 1460 mensura
311 1412 412 1458 rerum
435 1396 574 1470 habetur,
593 1411 654 1457 non
668 1395 878 1457 consideratur
894 1405 926 1457 ut
941 1395 1102 1458 utilitatem
1117 1396 1234 1458 habens

142 1512 182 1558 ex
198 1511 242 1568 se,
260 1495 322 1555 nisi
338 1494 500 1556 utilitatem
520 1509 696 1568 mensurae;
720 1509 789 1555 cum
805 1503 905 1556 autem
921 1495 1048 1572 pecunia
1065 1504 1098 1556 ut
1116 1494 1233 1573 aliquid

142 1611 179 1656 ex
205 1610 237 1654 se
259 1593 333 1654 utile
354 1592 492 1666 hahetur,
511 1608 571 1654 non
594 1591 803 1654 consideratur
825 1601 858 1652 ut
881 1607 982 1654 rerum
1002 1609 1155 1670 mensura,
1177 1609 1233 1656 nec

143 1693 183 1756 ad
198 1692 436 1772 permutationes
449 1691 616 1754 ordinatur.
632 1691 717 1764 Quod
731 1691 810 1752 idem
824 1691 898 1753 alibi
911 1692 1083 1771 expressius
1098 1691 1209 1754 dieitur
1223 1709 1230 1754 :

146 1814 160 1847 a
176 1799 206 1852 et
221 1790 290 1852 ideo
307 1789 344 1851 ad
361 1787 535 1866 hujusmodi
559 1789 811 1851 commutationes
834 1789 865 1849 in
889 1789 1013 1851 remotis
1037 1789 1232 1868 (regionibus)

143 1890 302 1953 faciendas
317 1889 534 1951 ordinaverunt
549 1887 628 1966 quod
645 1888 762 1966 aliquid
778 1889 836 1950 silli
850 1889 979 1950 intieem
995 1888 1100 1950 darent
1114 1899 1142 1950 ot
1154 1890 1239 1951 aeci.

142 2001 263 2070 parent,
281 1990 362 2068 quod
378 1989 415 2051 de
431 1989 512 2050 loelli
528 1997 557 2051 et
572 1989 710 2067 expedite
726 1975 840 2067 portari
857 1999 969 2068 posset,
987 1999 1016 2051 et
1032 1999 1132 2051 tamen
1148 1991 1185 2053 de
1201 2007 1233 2052 se

142 2091 271 2153 haberet
293 2089 429 2168 aliquam
449 2089 609 2150 utilitatem
633 2106 640 2149 :
663 2098 692 2150 et
710 2088 886 2164 hujusmodi
909 2097 979 2150 sunt
1001 2089 1134 2162 metalla,
1161 2096 1233 2168 puta

143 2206 208 2263 aea,
233 2188 347 2251 ferrum
370 2196 575 2266 elangentum
597 2187 708 2248 etalio
732 2187 907 2264 hujusmodi
933 2205 939 2249 :
965 2184 1038 2258 Ilaec
1058 2187 1139 2247 enim
1159 2192 1233 2246 sunt

143 2286 306 2348 secundem
331 2303 363 2347 se
387 2285 478 2347 utilio
505 2286 539 2345 ia
564 2292 714 2364 potentum
740 2303 777 2346 ex
799 2285 843 2346 eia
863 2285 942 2363 fieret
964 2302 1037 2345 noso
1058 2284 1104 2345 ool
1126 2284 1231 2363 aliqua

143 2387 353 2448 lustramenta
367 2408 380 2442 a
399 2387 445 2462 (a).

186 2486 261 2548 inde
291 2484 418 2546 ulterius
447 2493 528 2562 patet
557 2485 732 2562 pecuniam,
764 2483 903 2562 quamtis
932 2500 993 2546 non
1021 2485 1060 2546 sit
1088 2497 1231 2545 mensura

144 2591 297 2664 qnatenus
322 2599 406 2644 merx
433 2600 485 2644 seu
508 2583 704 2656 resumatis,
729 2592 830 2644 tamen
852 2590 885 2643 ut
906 2599 1079 2645 mensuram
1103 2583 1230 2644 electam

145 2700 210 2746 esse
240 2682 315 2762 quiq
339 2690 384 2743 est
409 2697 504 2742 merx,
534 2683 571 2743 Et
599 2682 722 2761 quidem
754 2683 879 2760 «primo
910 2681 968 2743 luit
996 2682 1230 2744 determinatum

144 2782 302 2846 metallum
325 2781 390 2843 solo
413 2781 545 2860 pondere
566 2791 593 2842 et
615 2780 842 2860 magnitudine,
872 2782 950 2842 sieut
975 2781 1056 2859 apud
1081 2779 1230 2858 quasdam

143 2890 252 2960 gentes
272 2880 423 2942 habentur
442 2878 559 2941 formae
581 2879 696 2958 argenti
718 2895 781 2939 non
802 2880 963 2953 monetati;
992 2878 1044 2940 sed
1067 2885 1172 2958 postea
1197 2885 1231 2940 ut

143 2977 286 3039 homines
302 2977 501 3038 liberarentur
522 2993 539 3038 a
563 2977 740 3038 necessitate
755 2977 952 3039 mensurandi
974 2977 1019 3039 uel
1040 2975 1228 3056 ponderandi

145 3077 365 3157 impresserunt
394 3076 528 3153 aliquem
557 3076 760 3137 characterem
790 3073 871 3154 quod
901 3075 1024 3153 ponitur
1049 3076 1081 3135 in
1107 3075 1229 3154 signum

141 3176 226 3255 quod
243 3175 400 3237 metallum
422 3175 462 3236 sit
483 3184 583 3236 tantae
605 3175 797 3253 quantitatis3
822 3175 900 3237 sieut
921 3174 1012 3236 etiam
1028 3174 1059 3236 in
1075 3174 1230 3252 aliquibus

145 3274 220 3338 loeis
236 3275 436 3352 imponuntur
452 3272 599 3351 quaedam
616 3273 704 3353 signa
720 3274 841 3353 publiea
856 3273 893 3336 ad
910 3289 1083 3336 mensuram
1099 3273 1163 3334 uiui
1183 3273 1229 3336 vel

144 3372 315 3438 immenti»
334 3375 380 3448 (a).
403 3372 540 3450 lumper,
565 3373 704 3451 quamvis
728 3373 768 3434 sit
788 3389 943 3446 mensura,
967 3383 1068 3436 tamen
1089 3373 1164 3452 quio
1185 3381 1231 3434 est

146 3473 235 3535 simul
250 3487 346 3545 merx,
360 3471 487 3551 pecunia
504 3486 564 3532 non
580 3470 668 3548 plene
683 3451 809 3533 caeteris
821 3471 975 3534 mensuris
987 3470 1230 3534 immutabilibus

146 3581 306 3652 aequatum
324 3581 353 3634 et
368 3573 436 3635 ideo
453 3574 484 3634 S.
501 3572 645 3643 Thomas,
663 3587 732 3633 eum
756 3571 956 3633 «manifestat
971 3569 1122 3649 quomodo
1139 3571 1230 3632 dena-

145 3673 209 3734 rius
225 3682 403 3734 mensuret»
421 3673 468 3748 (a),
485 3671 705 3732 restrictionem
722 3668 833 3731 addere
848 3669 936 3732 debet
951 3668 1055 3732 dicens
1072 3686 1079 3731 ε
1100 3683 1229 3731 «verum

175 3871 210 4015 iii
227 3870 264 4008 gi
277 3872 319 4005 2Iba
334 3953 512 4019 Pottttcornm
524 3953 552 4007 L.
566 3954 587 4016 Ι,
601 3952 662 4007 leet.
673 3954 698 4016 t,
711 3951 744 4006 ad
758 3951 892 4019 medium;
906 3953 968 4010 coil.
980 3955 1007 4010 i·
1017 3955 1059 4020 it.
1070 3969 1097 4022 q.
1108 3953 1228 4020 LXXVII,

146 4036 209 4181 alqdi
218 4036 313 4174 {iiiia
324 4119 504 4173 Politioorum
516 4121 535 4173 l.
549 4134 571 4172 o.

176 4201 210 4264 (l)
226 4201 263 4258 Gi,
276 4203 312 4256 In
324 4202 481 4255 Etltt'oomm
494 4201 521 4256 L.
535 4201 566 4263 v.
580 4200 643 4258 leot.
656 4201 681 4256 9.
