3242 4959
401 460 449 525 lt
856 480 927 525 naus
949 480 1046 526 amon.

408 644 523 708 tionem
544 653 676 709 meretur
697 647 742 723 tt).
768 643 848 719 Quid
869 651 970 708 autem
994 644 1131 724 praecise
1155 645 1188 708 S.
1216 645 1306 707 Pont.
1334 642 1500 706 decernere

408 745 548 821 voluerit,
572 762 608 809 ex
629 745 728 826 ipsius
748 745 896 808 babemus
917 744 1007 808 dictis
1025 762 1032 808 :
1052 744 1118 809 «de
1137 752 1293 809 contractu
1312 750 1424 817 autem,
1442 742 1500 822 qui

408 859 503 908 novas
523 846 580 909 bas
600 844 821 908 controversias
842 844 993 919 excitavit,
1017 845 1094 908 nihil
1116 844 1149 906 in
1170 844 1411 925 praesentiarum
1432 849 1502 905 sta-

403 944 523 1007 tuimus
542 960 668 1008 —cum
691 945 780 1024 plura
800 942 994 1019 documenta,
1018 952 1052 1007 ut
1072 943 1158 1008 addit
1178 959 1281 1023 supra,
1303 958 1365 1006 non
1386 957 1502 1022 suppe-

441 1168 475 1232 (l)
491 1169 566 1224 Bevi
578 1168 722 1225 doctrinali
740 1168 824 1235 buius
841 1159 1010 1235 lincpclicae,¹
1028 1167 1094 1223 baec
1112 1166 1193 1222 nobis
1209 1166 1339 1222 videntur
1358 1163 1499 1221 dicenda:

441 1254 469 1306 l⁰
480 1252 545 1305 Non
556 1267 612 1305 esse
624 1255 781 1307 locutione-m
799 1267 834 1305 ec
845 1253 982 1315 cathedra,
1000 1252 1056 1307 imo
1068 1252 1162 1317 potius
1174 1249 1290 1305 lormam
1301 1250 1380 1317 quasi
1392 1247 1501 1304 reterre

402 1333 510 1391 decreti
526 1335 643 1402 alicujus
661 1336 891 1402 congregationis,
905 1335 1016 1401 speciali
1032 1334 1144 1401 quidem
1163 1337 1191 1390 et
1209 1333 1368 1390 solemniori
1385 1331 1500 1387 modoa

402 1415 435 1470 Ι8.
445 1416 576 1474 Pontillce
586 1417 738 1484 approhatt.
748 1422 776 1473 et
787 1418 821 1473 ab
834 1417 894 1482 ipso
905 1417 1095 1473 auctoritative
1106 1415 1280 1483 promulgati.
1290 1414 1396 1471 Etenim
1405 1413 1498 1479 primo

402 1500 502 1553 ¹exacte
513 1496 596 1554 relert
608 1498 690 1554 verba
708 1499 810 1565 quibus
828 1497 1073 1564 «complectuntur
1084 1501 1112 1553 et
1123 1498 1260 1564 exoticam
1271 1496 1420 1553 sententias
1431 1508 1499 1550 suas

406 1578 559 1636 cardinales
570 1595 601 1636 ac
613 1580 799 1647 theologi...›>;
818 1580 883 1637 dein
898 1580 973 1636 addit
991 1581 1114 1646 seipsum
1126 1580 1286 1646 «privatum
1297 1578 1420 1635 studium
1431 1591 1498 1633 con·

406 1659 480 1717 ferre
497 1662 527 1717 in
544 1662 658 1718 eandem
676 1678 785 1719 causam
803 1675 859 1719 non
878 1663 1093 1729 praetermisisse
1100 1678 1129 1728 »;
1151 1662 1316 1728 tandemque
1335 1659 1498 1726 pronuntiat

354 1805 355 1809 ,
402 1759 494 1801 acum
512 1746 579 1802 baec
597 1747 633 1801 ita
651 1747 716 1811 siut,
735 1747 919 1813 approbamus
936 1749 964 1802 et
982 1746 1177 1802 confirmamus
1194 1757 1383 1812 quaecumque
1395 1744 1424 1798 in
1435 1756 1497 1799 sen·

407 1827 504 1882 tentiis
515 1828 643 1891 superius
655 1829 787 1895 expositis
798 1828 1006 1884 continentur...
1017 1843 1033 1873 ³>

440 1908 469 1962 2⁰
481 1910 547 1963 Esse
556 1912 684 1975 parantum
697 1914 875 1977 dapinattcam
887 1928 896 1964 .-
908 1908 983 1976 quod
995 1911 1069 1975 patet
1077 1908 1105 1973 a)
1114 1909 1206 1964 verbis
1218 1908 1305 1974 ipsius
1316 1906 1473 1974 Encyclicae
1485 1924 1494 1960 ε

402 1993 577 2049 «nonnullas
589 2008 638 2060 per
648 1994 752 2050 ltaliam
761 1994 934 2049 disseminari
942 1993 1091 2049 sententias
1100 2006 1170 2058 quae
1181 2007 1263 2047 sonae
1274 1993 1412 2045 doctrinae
1424 1991 1496 2043 baud

408 2080 599 2129 consentaneae
610 2075 816 2140 viderentura...
836 2075 928 2131 statim
944 2077 1081 2139 apostotici
1092 2076 1178 2127 nostri
1189 2076 1310 2127 rnaneris
1320 2079 1425 2137 partem
1439 2084 1496 2124 esse

402 2158 565 2213 ¹(tercianas...
575 2159 765 2225 Praecepimus
777 2162 839 2214 ut...
849 2164 952 2211 certam
961 2161 994 2211 de
1002 2160 1092 2210 maris
1103 2160 1253 2211 matonam
1262 2156 1494 2211 constituerent».

409 2238 550 2305 Theologi‚
562 2241 730 2306 approbante
746 2240 893 2296 Benedicto
904 2240 969 2304 XIV,
983 2240 1078 2296 dicunt
1091 2258 1098 2295 :
1111 2242 1173 2295 «lta
1185 2240 1207 2294 si
1221 2240 1283 2305 quis
1299 2238 1425 2301 senserit,
1439 2251 1495 2292 uon

407 2320 490 2376 modo
500 2320 599 2376 divinis
607 2321 780 2377 documentis
791 2323 820 2377 et
828 2321 973 2375 catholicae
984 2312 1109 2375 ecclesiae
1121 2324 1153 2373 ate
1163 2322 1386 2386 usarajudicto...
1398 2318 1494 2385 procul

402 2401 493 2458 dubio
504 2402 723 2470 adversabitur»;
744 2405 803 2468 ipse
822 2405 848 2459 S.
863 2402 988 2459 Pontifex
999 2403 1039 2458 ‘ad
1051 2404 1078 2458 S.
1091 2404 1206 2459 Litteras
1218 2407 1245 2458 et
1257 2404 1366 2458 Patrum
1377 2402 1495 2458 auctori·

406 2487 491 2541 tatem
502 2486 629 2553 appellat.
642 2490 695 2543 etc.
708 2488 828 2542 -Patet
846 2487 918 2543 idem
937 2487 962 2548 i)
981 2500 1015 2542 ex
1033 2500 1117 2551 opere
1128 2486 1266 2542 Benedicti
1278 2487 1333 2541 lllv
1344 2487 1385 2539 De
1397 2488 1495 2553 synoda

403 2570 556 2623 diocesano
573 2567 666 2632 (trist
686 2582 741 2634 quo
759 2582 853 2634 opere.
872 2568 936 2626 licet
956 2584 972 2624 a
993 2570 1019 2623 S.
1037 2570 1169 2625 Pontifioc
1189 2582 1318 2637 expresse
1337 2575 1369 2625 ut
1389 2569 1494 2635 privato

403 2652 521 2708 doctore
532 2652 569 2706 sit
580 2651 695 2716 editum,
709 2651 768 2706 sine
778 2650 865 2707 dubio
877 2651 1010 2707 docemur
1025 2651 1092 2718 quid
1111 2653 1170 2718 ipse
1182 2653 1210 2707 in
1221 2652 1362 2719 Encyclica
1373 2650 1495 2717 promul-

403 2733 494 2800 qaam
512 2734 640 2789 uoluerit.
660 2735 690 2787 ln
709 2732 761 2788 loc
778 2733 882 2799 scripto
900 2736 977 2789 notat
994 2734 1152 2803 «impiam»
1170 2734 1327 2800 opinionem
1345 2734 1447 2789 Caluini
1467 2733 1495 2787 et
1606 2741 1607 2772 ³

346 2864 347 2869 ,
405 2815 541 2880 ilalinaei
555 2818 617 2881 post
629 2815 692 2871 illos
710 2830 725 2871 a
743 2816 885 2871 nonnullis
901 2815 1048 2880 defensam,
1068 2816 1227 2873 «adversari
1244 2817 1382 2873 communi
1395 2819 1423 2872 et
1435 2829 1494 2882 per·

406 2899 506 2965 petuae
523 2898 672 2955 catholicae
690 2898 824 2955 Ecclesiae
841 2898 1035 2956 doctrinae»...
1054 2899 1178 2955 «Verum
1196 2900 1357 2967 quoniam...
1371 2898 1494 2966 praedic·
1606 2959 1607 2964 .

405 2982 462 3035 tam
483 2981 618 3036 exoticam
641 2982 799 3047 opinionem
823 2982 949 3038 nonnulli
972 2982 1074 3038 iterum
1097 2981 1226 3038 refricare
1245 2996 1301 3037 non
1321 2981 1492 3045 dubitarunt.

406 3063 613 3128 proptereaNos
624 3063 658 3118 ad
667 3064 739 3119 Petri
749 3063 909 3121 cathedram
918 3065 1014 3129 evecti,
1025 3078 1059 3121 ne
1068 3065 1217 3120 catholicae
1225 3064 1366 3121 doctrinae
1378 3066 1492 3132 puritas.

403 3144 485 3211 cuius
505 3145 662 3211 depositum
681 3145 764 3201 Nobis
784 3149 826 3201 est
846 3160 861 3200 a
882 3146 989 3203 cbristo
1012 3146 1211 3212 concreditum,
1235 3147 1285 3202 bac
1307 3148 1412 3204 erroris
1434 3148 1494 3204 labe

407 3225 612 3283 faedaretur...»
623 3227 670 3291 (Cf.
684 3227 702 3281 l.
716 3228 747 3292 lt,
761 3242 784 3282 c.
798 3226 833 3289 lt.

440 3308 468 3363 3⁰
486 3310 644 3363 Doctrinam
670 3312 699 3362 in
717 3310 766 3363 hae
783 3311 926 3377 Encyclica
945 3315 1106 3377 propositam
1128 3314 1163 3365 ad
1184 3314 1339 3365 universam
1357 3315 1494 3377 pertinere
1606 3305 1607 3308 ’

407 3390 555 3445 Ecclesiam
565 3410 574 3445 :
583 3390 658 3458 quod
668 3392 754 3458 liquet
763 3394 791 3456 a)
800 3392 843 3447 uel
854 3406 889 3448 ex
900 3406 934 3449 eo
945 3393 1019 3458 quod
1031 3394 1179 3461 constituat
1189 3393 1323 3460 judicium
1334 3397 1492 3451 maranata.

406 3472 569 3528 Benedictus
588 3474 642 3529 lllV
660 3473 830 3540 Eucyclicam
847 3476 954 3531 mutum
971 3476 1005 3531 ad
1023 3476 1167 3542 episcopos
1186 3477 1278 3532 ltaliae
1297 3475 1409 3542 direxit,
1429 3477 1494 3543 quia

404 3555 528 3621 praecise
545 3569 618 3621 «per
628 3555 754 3612 ltaliam»
772 3556 921 3612 nonnullae
939 3558 1090 3613 sententiae
1104 3558 1362 3615 disseminabantur.
1374 3588 1408 3599 -
1418 3558 1493 3614 ldem

407 3638 494 3705 liquet
510 3638 536 3703 a)
554 3653 589 3695 ex
606 3653 639 3695 eo
656 3639 731 3707 quod
751 3654 879 3707 suprema
901 3641 1035 3697 Ecclesiae
1057 3643 1205 3698 auctoritas
1225 3656 1334 3708 semper
1352 3642 1491 3708 deinceps.

401 3720 523 3783 decretis
541 3722 570 3777 in
588 3723 747 3789 quaestione
759 3736 860 3779 usurae
872 3722 1001 3784 ferendis.
1019 3723 1053 3780 ad
1071 3738 1272 3791 quamcumque
1290 3724 1366 3780 orbis
1376 3729 1491 3791 partem,

406 3803 475 3859 banc
497 3805 649 3860 doctrinam
671 3806 808 3862 Benedicti
832 3807 887 3861 XIV
911 3806 1114 3873 applicaverit:
1136 3807 1218 3872 unde,
1240 3806 1376 3874 quidquid
1400 3808 1437 3863 sit
1458 3806 1493 3863 dc

401 3886 546 3945 authentia
564 3891 592 3944 et
609 3887 643 3943 de
661 3888 888 3954 interpretatione
903 3888 1006 3945 decreti
1024 3890 1049 3945 S.
1068 3890 1266 3956 inquisitionis,
1286 3890 1319 3945 iil
1335 3889 1399 3945 iulii
1416 3888 1495 3952 teat.-

403 3969 551 4025 statuentis
574 3988 581 4025 :
603 3972 719 4027 «orator
737 3984 767 4025 se
779 3976 856 4037 gerat
869 3970 947 4037 iuxta
964 3971 1116 4028 doctrinam
1133 3975 1289 4029 contentam
1306 3972 1336 4027 in
1352 3972 1492 4039 Encyclica

406 4048 544 4107 Benedicti
556 4052 610 4109 xlv
626 4054 678 4106 Via
689 4057 819 4118 peruenit,
833 4069 900 4118 qaae
912 4057 1019 4120 respicit
1030 4058 1185 4109 calamam
1196 4056 1377 4118 Ecctmaam»,
1390 4055 1492 4121 absque
1606 4053 1607 4062 ’

401 4131 491 4270 dubio
499 4138 624 4273 l‹tactn'na
642 4136 796 4193 universam
815 4138 979 4203 respiciebat
995 4138 1141 4194 Ecclesiam
1157 4138 1221 4195 inde
1232 4138 1266 4193 ab
1278 4138 1419 4206 Encpclica
1431 4152 1491 4205 pro

403 4228 453 4272 mu
465 4230 498 4283 ga
510 4232 535 4273 a.
