3242 4959
370 414 439 486 aba
733 438 940 486 olusatrum.
958 439 1037 487 sucr.
1053 441 1087 485 u.

371 604 453 684 quod
483 604 635 684 praesenti
665 603 836 683 quaestioni
868 605 1143 684 praesupponitur,
1174 605 1337 687 multiplici
1366 604 1454 668 modo

370 701 571 766 determinare
592 719 628 765 ac
649 703 843 783 restringere.
862 703 946 766 Juste
967 702 1045 766 illud
1066 705 1224 785 restringit
1243 705 1322 767 intra
1344 703 1454 767 limites

370 801 468 881 ipsius
478 801 563 881 juris
578 801 744 875 naturalis,
759 802 885 881 quaevis
900 801 991 864 etiam
1007 803 1048 864 sit
1059 802 1200 866 voluntas
1211 803 1329 867 domini
1341 802 1451 882 ipsius;

370 898 492 976 deiude,
516 899 541 962 si
558 899 615 978 ,jus
634 899 829 980 proprietatis
855 899 1001 979 privatae,
1029 901 1133 982 aliquo
1155 902 1213 966 sub
1235 912 1369 991 aspectu,
1389 901 1455 978 iure

371 1005 495 1063 naturae
524 997 792 1063 indeterminatum
821 1006 960 1076 maneat,
995 1002 1160 1064 auctoritas
1193 1002 1315 1066 socialis
1347 1001 1455 1064 merito

371 1095 452 1159 idem
474 1104 611 1161 accurate
633 1096 823 1160 determinat.
841 1098 952 1161 Verum
970 1099 1054 1162 bisce
1069 1099 1102 1162 in
1117 1100 1250 1177 casibus,
1268 1098 1403 1163 nondum
1419 1098 1456 1161 de

371 1198 504 1278 generali
529 1204 624 1260 status
647 1197 678 1260 in
701 1197 781 1261 bona
803 1199 982 1278 temporalia
1005 1198 1141 1263 dominio
1168 1207 1213 1263 est
1236 1198 1421 1280 loquendum
1446 1215 1454 1260 :

371 1297 472 1378 agitur
494 1297 576 1359 enim
599 1297 808 1360 tantummodo
831 1296 1025 1378 degenerati
1051 1306 1198 1379 potestate
1221 1299 1304 1380 leges
1326 1297 1455 1361 ferendi.

414 1397 489 1460 Cum
500 1412 571 1460 vero
586 1397 689 1459 stricte
701 1396 739 1459 ad
751 1396 847 1459 altum
859 1404 955 1460 status
968 1396 1139 1462 dominium
1152 1405 1342 1478 provocatur,
1356 1412 1457 1460 sermo

371 1504 417 1561 est
431 1496 468 1559 de
483 1496 556 1559 reali
573 1496 725 1560 ablatione
746 1496 818 1560 boni
839 1496 970 1575 alicujus
990 1498 1159 1561 materialis
1179 1515 1195 1561 e
1220 1498 1361 1562 manibus
1383 1513 1456 1577 pro-

371 1594 518 1676 prietarii.
536 1595 628 1674 Atqui
644 1594 735 1659 etiam
751 1593 809 1657 tale
827 1595 878 1674 jus
899 1595 1013 1658 bonum
1034 1595 1246 1673 transferendi,
1264 1597 1327 1660 sive
1347 1603 1381 1659 ut
1406 1597 1458 1658 liat

371 1693 485 1757 bonum
507 1693 642 1758 omnium
666 1693 919 1774 (expropriatione
941 1694 1085 1775 publica),
1113 1696 1176 1758 sive
1202 1702 1236 1759 ut
1261 1703 1394 1758 transeat
1418 1694 1458 1756 ad

371 1793 500 1856 alterum
521 1793 673 1873 privatum
698 1793 966 1874 (praescriptione),
994 1795 1149 1857 communi
1174 1795 1322 1859 sententia
1352 1799 1458 1857 aucto-

370 1891 452 1956 ritati
470 1891 552 1955 civili
568 1891 742 1955 attribuitur
759 1909 766 1955 :
782 1900 817 1956 ut
831 1909 902 1956 vero
918 1893 1076 1956 translatio
1090 1893 1257 1972 basciuste
1272 1895 1334 1967 liat,
1354 1893 1460 1972 requi·

371 1992 449 2055 ritur
460 1998 527 2054 tum
536 1999 569 2054 ut
579 1991 693 2056 bonum
709 1990 862 2056 societatis
877 2009 930 2055 seu
941 1993 1058 2055 utilitas
1069 1992 1193 2073 publica
1206 1993 1248 2055 ita
1263 1993 1374 2073 exigat,
1392 1999 1460 2054 tum

371 2102 404 2154 ut
417 2091 466 2170 jus
481 2091 676 2171 proprietatis
693 2090 828 2172 privatae
849 2091 973 2154 domino
996 2091 1067 2170 ipsi,
1085 2099 1232 2170 quantum
1255 2098 1285 2155 et
1304 2090 1460 2171 quomodo

373 2189 437 2252 lieri
452 2190 560 2270 possit,
577 2189 616 2252 ad
632 2188 848 2269 aequalitatem
862 2198 1086 2270 compensetur.

413 2288 589 2368 Requiritur
603 2297 637 2350 ut
650 2287 762 2350 bonum
776 2287 888 2349 sociale
903 2286 982 2349 boue
997 2286 1229 2350 translationem
1249 2288 1353 2368 culpat
1369 2307 1378 2351 .·
1397 2289 1459 2351 uisi

371 2386 454 2449 enim
476 2392 602 2466 negetur
620 2385 670 2464 jus
691 2384 885 2466 proprietatis
906 2385 1040 2464 priuatae
1061 2403 1127 2448 esse
1149 2385 1199 2465 ius
1220 2386 1380 2465 personale
1403 2403 1460 2451 nec

372 2483 539 2547 derivatum
555 2501 572 2546 a
588 2483 729 2546 societate
744 2483 797 2546 sed
813 2482 872 2562 ipsi
888 2489 997 2547 natura
1011 2483 1158 2561 anmrius,
1174 2483 1399 2548 admittendum
1415 2491 1461 2547 est.

371 2583 579 2647 auctoritatem
595 2582 748 2647 societatis
763 2598 938 2662 supremam
954 2595 1015 2646 non
1031 2591 1148 2647 tantum
1167 2583 1274 2646 illicite
1293 2583 1344 2646 sed
1365 2584 1459 2646 etiam

372 2681 505 2747 invalide
520 2680 637 2762 aliquid
652 2689 756 2746 contra
771 2681 909 2746 strictum
924 2681 1041 2746 domini
1055 2683 1105 2762 jus
1124 2682 1157 2745 in
1177 2698 1242 2746 rem
1263 2683 1342 2746 banc
1362 2690 1461 2747 atten-

372 2962 461 3030 poenis
472 2960 611 3018 adbibitis.
625 2962 657 3018 111
669 2961 730 3017 ideo
743 2975 841 3018 usuras
860 2961 904 3018 lex
922 2962 1038 3018 humana
1051 2962 1195 3026 concessit,
1208 2975 1264 3016 non
1275 2961 1353 3027 ouasi
1366 2962 1460 3017 existi·

373 3059 450 3101 mans
468 3059 513 3101 eas
531 3058 592 3101 esse
610 3044 761 3100 seeundum
772 3044 915 3112 justitiam,
928 3044 975 3101 sed
988 3059 1023 3100 ne
1035 3043 1234 3110 impedirentur
1244 3043 1378 3099 utilitates
1390 3044 1460 3099 mul-

373 3133 474 3184 torum.
488 3127 563 3183 Unde
574 3127 603 3182 in
616 3127 675 3192 ipso
691 3127 752 3194 jure
768 3127 843 3184 civili
858 3126 960 3184 dicitur
976 3126 1050 3194 quod
1067 3140 1215 3193 «resonae
1228 3140 1279 3181 usu
1292 3140 1460 3182 consumun-

373 3212 428 3273 tur,
446 3205 536 3276 neoue
555 3209 660 3265 ratione
677 3209 804 3273 naturali,
824 3223 914 3276 neque
931 3209 1005 3265 ciuili
1024 3209 1161 3276 recipiunt
1179 3207 1415 3274 usumlmctum»;
1433 3210 1461 3264 et

297 3335 298 3338 ,
373 3291 447 3350 ouod
460 3293 594 3347 «senatus
606 3305 661 3347 nou
674 3291 736 3347 iecit
748 3305 843 3347 earum
855 3304 948 3347 rerum
960 3290 1164 3346 usumfructum
1175 3291 1236 3353 (neo
1247 3290 1320 3346 enim
1333 3291 1459 3356 poterat),

373 3373 420 3430 sed
440 3373 518 3440 uuasi
537 3372 739 3429 usumfructum
759 3373 934 3432 constituit».
953 3372 1222 3430 coneedensscilicet
1234 3386 1366 3427 usuras.»
1385 3371 1461 3428 Unde

372 3456 519 3522 angelicus
530 3454 665 3522 iuscivile
682 3470 780 3512 usuras
799 3457 960 3523 permittens
977 3458 1083 3513 tantum
1103 3457 1200 3523 probat
1217 3457 1249 3511 ut
1267 3454 1388 3510 tolerans
1401 3469 1461 3521 pec·

373 3540 431 3594 cata
451 3538 484 3594 ad
505 3537 606 3605 majora
627 3537 697 3593 mela
717 3538 836 3594 vitanda.
856 3539 1004 3594 —Postea
1023 3552 1099 3603 vero,
1120 3537 1194 3605 uuod
1218 3537 1319 3593 factum
1342 3537 1461 3592 maxima

373 3621 524 3678 attentione
541 3620 654 3688 dignum
667 3624 719 3685 est,
734 3620 793 3677 illas
805 3620 879 3688 leges
890 3623 996 3678 veteres
1008 3621 1147 3688 praecipui
1159 3620 1295 3685 doctores,
1308 3621 1340 3675 ut
1350 3621 1460 3675 lmssms

374 3703 427 3769 (op.
446 3719 481 3769 c,
501 3704 519 3760 l.
538 3706 570 3770 ll,
588 3719 613 3760 c.
632 3703 675 3770 to,
695 3719 722 3760 n.
743 3703 774 3758 31
792 3703 841 3766 ss.)
859 3706 887 3760 et
903 3719 938 3758 nrt
956 3703 1030 3759 Luco
1049 3702 1102 3768 (op.
1115 3717 1150 3767 c.,
1167 3702 1194 3758 d.
1208 3703 1283 3767 llllll,
1297 3716 1324 3756 n.
1338 3702 1390 3765 13),
1404 3716 1459 3758 non

374 3787 480 3841 tantum
498 3784 669 3852 explicabant
686 3787 718 3842 ut
736 3798 839 3840 meram
856 3786 1030 3851 peecatorum
1048 3783 1228 3847 tolerantiam,
1246 3782 1293 3839 sed
1310 3781 1458 3846 «tortasse,

374 3870 438 3935 nula
450 3869 633 3924 communiter
643 3868 834 3934 supponebant
843 3866 1013 3924 intercedere
1021 3865 1105 3922 alium
1116 3864 1226 3922 titulum
1236 3865 1306 3922 lucri
1318 3865 1458 3929 cessantis,

375 3949 466 4006 damni
487 3951 661 4017 emergentis.
682 3949 808 4017 periculi,
830 3952 893 4015 etc.;
913 3963 969 4005 non
987 3952 1078 4004 tamen
1096 3947 1158 4003 ideo
1176 3947 1331 4004 debuerunt
1350 3947 1459 4004 univer·

376 4032 468 4089 saliter
486 4033 630 4100 permitti»
647 4027 694 4098 (ita
712 4048 747 4088 nr
766 4033 851 4100 Luco,
870 4033 925 4096 rb).
944 4035 1014 4089 llaec
1031 4030 1152 4088 evolutio
1171 4032 1199 4086 111
1218 4031 1308 4097 legum
1327 4031 1458 4097 interpre-

376 4116 476 4171 tatione
496 4115 561 4172 inde
579 4115 737 4184 explicanda
760 4115 870 4175 videtur
889 4116 963 4184 quod
984 4116 1095 4174 iuterim
1113 4115 1173 4182 ipsa
1192 4114 1298 4171 theoria
1317 4113 1352 4170 de
1370 4112 1457 4170 titulis

375 4195 535 4254 extrinsecis
545 4196 626 4266 plene
637 4198 674 4256 sit
684 4197 829 4259 declarata.
