3242 4959
562 469 735 521 -xxm
776 489 819 502 ¹-

139 634 360 701 disseminata.
384 633 533 710 Quamvis
552 637 592 701 de
606 633 662 700 illo
676 639 826 717 respectu
844 654 887 701 ex
907 636 1049 716 professo
1070 634 1234 717 inquirere
1340 613 1343 617 A
1372 607 1375 611 ⁴

139 751 339 815 magnopere
353 731 508 799 scientiae
522 751 648 799 morum
662 732 845 812 interesset,
858 733 947 814 prius
958 736 1067 798 eman
1080 753 1119 798 ac
1129 740 1234 815 majus

139 852 221 914 opus
236 833 379 899 ducimus
402 834 611 903 fundamenta
631 852 752 915 ponere
773 834 888 915 prima,
912 834 1093 916 indagando
1116 853 1233 915 nempe

140 933 183 997 de
207 951 286 997 vera
310 936 345 998 et
364 931 505 1013 genuina
526 931 657 998 notione
679 932 837 1013 capitalis,
860 932 1027 1014 pecuniae,
1051 932 1233 999 sterilitatis

141 1048 181 1095 ac
202 1029 459 1111 productivitatis
482 1030 710 1110 oeconomicae,
736 1035 771 1097 et
793 1035 925 1098 tandem
950 1033 990 1097 de
1015 1034 1132 1096 natura
1156 1050 1233 1099 con·

142 1133 266 1195 tractus
280 1129 403 1209 crediti,
419 1129 472 1212 qui
487 1134 691 1197 caeterorum
703 1134 740 1196 ut
754 1134 850 1213 typus
859 1136 929 1211 jam
943 1129 1055 1195 haberi
1075 1133 1187 1196 soleat.

183 1224 363 1305 Quaestione
384 1228 431 1294 sic
450 1230 591 1296 maxime
611 1229 774 1308 restricta,
795 1229 891 1295 simul
911 1249 984 1296 eam
1004 1233 1091 1295 ultra
1112 1229 1232 1297 limites

140 1331 310 1396 consuetos
329 1330 567 1395 extendendam
589 1348 767 1395 censemus.
790 1327 931 1406 Scilicet,
948 1347 1013 1394 non
1035 1328 1231 1395 intendimus

139 1448 238 1511 agere
251 1429 289 1495 de
302 1434 413 1496 mutuo
430 1433 460 1493 et
477 1449 592 1494 usuro.
614 1430 646 1494 Si
666 1434 728 1495 hoc
745 1429 997 1507 intenderemus,
1014 1434 1085 1510 jam
1102 1436 1231 1512 praeju-

141 1526 250 1593 dicare
268 1528 359 1595 nobis
380 1529 564 1596 videremur
585 1531 668 1611 quod
682 1532 739 1595 sub
754 1528 864 1609 judice
879 1532 1030 1594 versatur
1046 1550 1053 1592 ε
1070 1528 1230 1609 praejudi-

141 1630 271 1693 caretur
286 1627 439 1694 univorsa
452 1628 600 1693 doctrina
610 1628 731 1693 veteris
745 1630 892 1705 Scholao,
906 1626 1060 1694 sterilitas
1073 1627 1230 1708 pecuniae

140 1725 327 1806 hodiernae,
357 1731 475 1794 natura
503 1732 688 1794 contractus
717 1727 831 1793 crediti
862 1727 1021 1805 hodierni,
1051 1728 1231 1793 formalitas

140 1845 268 1905 usurae,
284 1827 396 1893 atalia
410 1828 602 1910 hujusmodi.
620 1832 664 1892 At
677 1848 750 1893 cum
771 1828 829 1893 illa
845 1828 1002 1909 praecise,
1018 1847 1077 1909 pro
1097 1832 1230 1909 aspectu

138 1924 186 1991 rei
200 1924 375 2007 praesenti,
394 1926 459 1989 sint
476 1926 704 2003 examinanda,
722 1925 755 1990 in
774 1930 978 1992 antecessum
992 1945 1012 1990 a
1027 1926 1138 2007 quovis
1155 1946 1230 1993 con·

136 2030 243 2093 tractu
258 2026 514 2107 praescindatur,
532 2032 566 2095 et
582 2028 678 2094 unice
698 2048 737 2094 ac
758 2028 881 2095 directe
894 2028 1078 2109 inquiratur
1092 2048 1231 2109 quonam

136 2130 267 2193 tandem
289 2132 384 2209 pacto
403 2128 586 2194 auctarium
606 2148 626 2193 a
646 2128 803 2209 pecuniae
823 2146 1005 2209 possessore
1020 2132 1109 2210 juste
1126 2128 1230 2208 perci·

138 2225 259 2306 piatur;
276 2231 408 2294 caetera
422 2246 488 2293 uon
506 2231 581 2293 sunt
600 2228 722 2293 thetica
741 2229 937 2293 adstruenda
959 2250 966 2290 :
983 2246 1060 2293 num
1078 2246 1122 2293 ex
1140 2226 1229 2307 prin·

137 2324 227 2405 cipiis
241 2326 395 2406 ponendis
411 2324 476 2390 sint
492 2328 691 2404 deducenda,
707 2325 858 2391 videatur
870 2329 992 2407 postea.

176 2524 331 2590 Fructum
351 2528 438 2590 hunc
458 2524 612 2606 exiguum
636 2523 730 2591 multi
757 2523 875 2589 laboris
899 2527 931 2588 S.
955 2522 1115 2590 Facultati
1138 2527 1228 2590 theo·

138 2620 270 2703 logicae,
281 2622 315 2687 in
324 2626 419 2688 Alma
428 2622 648 2689 Universitate
658 2622 1011 2704 Lovaniensi,benigne
1017 2622 1227 2703 judicandum

138 2721 315 2800 offerimus3
336 2721 421 2799 huic,
443 2722 585 2801 inquam,
609 2724 640 2784 S.
659 2722 831 2799 Facultati,
848 2728 940 2803 cujus
959 2722 1135 2788 auctoritas
1156 2723 1229 2786 doc·

139 2820 274 2899 trinalis,
291 2822 325 2885 in
346 2821 509 2901 praesenti
529 2820 726 2901 quaestione,
747 2837 812 2884 non
834 2824 934 2886 semel
956 2840 977 2885 a
997 2820 1191 2898 civitatibus,
1208 2840 1228 2885 a

140 2919 344 3001 principibus,
367 2924 406 2985 ab
432 2920 587 3001 episcopis
613 2918 784 2999 insiguiter
802 2918 914 3001 agnita
932 2923 992 2985 ost.
1021 2921 1147 2993 Habeat
1166 2923 1227 2984 hoc

140 3022 284 3084 nostrum
297 3037 375 3099 opus
389 3018 523 3084 intimae
534 3016 739 3099 gratitudinis
753 3037 792 3083 ac
807 3018 986 3085 devotionis
1001 3021 1227 3085 documentum

141 3136 282 3197 perenna
299 3139 306 3181 :
323 3138 407 3197 cum,
424 3117 561 3199 sapienti
579 3117 727 3183 simulac
747 3117 899 3197 pmdenti
921 3116 1147 3196 sollicitudine,
1169 3136 1228 3198 per

141 3219 256 3282 multos
280 3237 381 3283 annos
410 3216 634 3283 inscientiam
661 3236 788 3281 sacram
816 3216 1001 3283 universam
1030 3220 1069 3280 ab
1093 3215 1227 3281 Eximiis

141 3316 300 3397 Magistris
324 3316 410 3383 ducti
431 3316 540 3382 simus.
564 3308 723 3397 Imprimis
748 3318 857 3381 autem
881 3318 916 3381 et
940 3315 1132 3382 nominatim
1151 3314 1254 3409 Ειιί-ο

141 3414 203 3479 mio
223 3417 263 3478 D.
279 3417 434 3480 D1ormuu
452 3413 670 3496 gratissimum
688 3414 742 3480 hic
760 3414 949 3481 exhibemus
967 3414 1111 3480 animum
1128 3436 1136 3478 :
1152 3434 1227 3480 cum

142 3532 203 3577 non
224 3517 327 3579 solum
346 3513 381 3579 in
401 3512 576 3594 Theologia
595 3513 710 3579 morali
731 3532 789 3579 nos
808 3513 1026 3580 moderarerit
1048 3512 1225 3595 perspicaci

143 3630 196 3677 suo
209 3631 248 3678 ac
261 3612 367 3678 lucido
381 3611 540 3679 sentiendi
555 3615 588 3677 et
602 3610 782 3691 exponendi
798 3614 902 3689 modo,
919 3615 976 3677 sed
990 3611 1122 3693 insuper
1136 3612 1226 3676 nobis

143 3714 224 3775 hanc
238 3709 495 3777 dissertationem
509 3709 780 3777 conscribentibus
794 3710 1057 3791 approbationem
1071 3730 1110 3776 ac
1124 3709 1225 3781 moni·

144 3811 207 3876 tum
222 3810 447 3891 benignissime
462 3809 670 3891 praestiterit.

181 3955 361 4026 Scribebom
375 3959 524 4039 Looaoit',
542 3966 563 4025 7
578 3959 698 4025 Martii
713 3963 814 4024 1903.
