3242 4959
448 437 513 483 car.
531 437 563 482 rr.
581 438 618 484 ne
633 437 797 484 comunem
812 438 937 484 cnmrrr.
1176 422 1239 514 ²⁷5.

143 610 185 666 ut
198 602 364 668 hodiedum
381 603 444 668 lieri
459 611 574 684 posset,
589 605 742 684 peceato
756 613 787 670 et
796 605 975 687 propinquo
996 606 1132 687 potentia
1149 623 1241 688 pecu-

144 702 234 765 niam
246 701 443 782 negotiationi
455 702 642 783 applicandi.
652 702 739 778 Quod
750 704 778 766 si
789 720 862 783 prae
870 704 969 768 oculis
979 705 1138 780 habeatur,
1150 706 1240 768 intel·

149 801 258 882 ligitur
282 802 444 866 difficultas
468 819 545 882 quae
571 803 649 884 ipsis
671 805 837 880 oriebatur,
861 821 933 868 cum
959 805 1147 885 inquirerent
1170 823 1239 870 ‹ao

142 900 270 964 «dicatur
284 901 402 965 lucrum
418 919 537 967 cessare
552 903 650 966 mutui
665 919 768 978 causa,
785 904 828 967 ita
841 913 876 966 ot
890 919 944 984 pro
959 921 995 967 eo
1010 905 1107 984 possit
1119 903 1238 984 aliquid

152 999 368 1064 amutuatario
383 1000 476 1082 exigi,
493 1001 616 1081 quando
634 1001 748 1082 aliquis
769 1003 901 1066 servavit
920 1002 1055 1082 aliquam
1076 1002 1239 1083 pecuniam

151 1098 234 1178 apud
249 1115 293 1170 se.
310 1115 402 1178 quam
421 1100 490 1164 ideo
512 1100 611 1165 noluit
633 1101 672 1164 ad
694 1101 930 1182 negotiationem
952 1102 1118 1183 applicare,
1137 1111 1170 1164 ut
1186 1102 1239 1165 ha·

144 1199 238 1263 beret
250 1199 289 1264 ad
307 1217 418 1264 manns
438 1203 599 1283 pecuniam
621 1219 676 1283 pro
697 1203 737 1266 iis
757 1203 811 1282 qui
832 1211 937 1267 mutuo
958 1211 1122 1284 peterent»
1140 1204 1241 1281 (11.111

151 1298 229 1360 ratio
245 1297 405 1362 dubitandi
420 1301 466 1363 vel
483 1301 545 1364 imo
564 1301 694 1382 negandi
714 1302 791 1382 ipsis
812 1309 888 1374 erat,
906 1302 1007 1381 «onia
1030 1301 1153 1381 quando
1174 1317 1239 1364 mu·

142 1404 238 1460 tuum
261 1396 361 1474 dator,
375 1398 439 1478 jam
459 1400 589 1480 pecunia
603 1410 667 1462 erat
682 1417 700 1464 a
715 1401 919 1482 negotiatione
941 1400 1104 1476 abstracta,
1125 1406 1155 1463 et
1174 1400 1239 1477 sor-

143 1501 234 1559 tasse
253 1496 357 1577 elapso
372 1499 440 1577 jam
465 1497 571 1577 suerot
596 1500 713 1562 occasio
737 1499 971 1580 depellendi...,·
997 1515 1091 1579 quare
1117 1497 1239 1579 quando

149 1595 283 1675 pecunia
297 1605 402 1659 mutuo
417 1595 517 1671 dator,
534 1613 596 1660 non
612 1597 690 1661 valet
708 1597 778 1678 plus
793 1607 917 1679 propter
931 1614 1018 1677 spem
1033 1597 1110 1660 lucri
1127 1614 1136 1659 :
1153 1596 1240 1660 nulla

151 1693 310 1773 animiam
326 1711 396 1774 spcs
412 1695 488 1760 lucri
504 1705 641 1759 remanet
654 1713 691 1760 ex
712 1696 765 1760 tali
787 1697 932 1777 pecunia;
956 1713 1027 1778 ergo
1049 1712 1111 1760 non
1133 1696 1240 1759 titulus

139 1794 251 1872 ¹justus
275 1792 417 1872 exigendi
442 1793 521 1856 ultra
547 1803 691 1857 sortem»
720 1797 766 1871 (e).
795 1795 882 1858 Patet
905 1802 1007 1858 autem
1033 1794 1240 1858 difficultatem

143 1894 230 1957 ‘hanc
245 1901 317 1956 tune
331 1908 519 1969 euanescere,
535 1910 616 1968 com,
630 1895 669 1958 ob
680 1893 823 1974 adjuncta
835 1894 899 1957 siue
914 1895 1060 1975 specialia
1071 1895 1136 1958 sive
1147 1911 1240 1975 gene·

141 1993 239 2068 ralia,
267 2010 329 2058 non
355 1994 425 2058 inde
451 1995 583 2059 elabitur
610 1996 760 2059 «occasio
787 1995 991 2076 negotiandi»
1015 1996 1087 2075 quia
1112 1995 1241 2076 pecunia

151 2090 228 2155 duic
248 2093 389 2173 praecise
413 2094 615 2174 negotiationi
645 2111 726 2158 nnnc
753 2095 922 2158 occurrenti
951 2110 1014 2157 non
1039 2094 1237 2158 submittitur.

141 2192 239 2256 'Unde
265 2209 327 2257 non
348 2193 411 2272 jam
434 2195 512 2258 ratio
538 2202 673 2266 osteor
698 2195 871 2274 quaesitum
895 2195 954 2258 hoe
976 2194 1061 2272 juxta
1086 2193 1240 2274 duplicem

140 2306 268 2366 «casum
285 2307 356 2356 cum
372 2293 489 2370 bassio,
508 2293 552 2356 vel
570 2292 735 2374 triplicem,
752 2309 822 2357 cum
837 2294 961 2372 hugone
975 2292 1110 2355 solvatur
1124 2294 1169 2370 (a).

184 2529 219 2593 (1)
236 2527 274 2586 ci.
286 2544 322 2584 nr
333 2529 418 2593 Ludo,
431 2532 450 2586 t.
463 2545 498 2594 c..
511 2545 538 2586 n.
551 2529 593 2587 91.

184 2611 219 2675 (h)
235 2610 273 2668 ci.
287 2612 405 2676 bassim.
418 2614 437 2667 t.
450 2628 485 2679 e,
498 2627 526 2668 n.
539 2612 572 2669 88
585 2627 607 2669 s.

185 2692 219 2755 13)
237 2693 265 2746 P.
278 2694 309 2748 11.
323 2693 409 2749 Prason
427 2699 492 2757 (ort.
505 2709 539 2758 e,
553 2695 582 2749 in
594 2695 726 2750 Zettschr.
739 2695 786 2760 sdr
797 2697 872 2750 toth.
891 2696 993 2759 Theot,
1007 2710 1033 2762 p.
1047 2696 1078 2751 51
1092 2696 1126 2758 s.)
1143 2695 1240 2751 scribit

140 2773 241 2840 'quoad
254 2779 356 2828 ueteres
367 2774 521 2832 moralistas
534 2795 541 2831 :
554 2775 627 2831 «der
644 2775 743 2832 titulus
761 2776 831 2832 lueri
848 2778 980 2832 cessantis
996 2776 1046 2832 der
1063 2777 1137 2834 alten
1155 2777 1238 2834 blora-

145 2854 233 2910 listen
253 2855 326 2910 steht
349 2857 386 2910 im
409 2861 522 2922 engeten
542 2857 775 2922 Zusammenhang
794 2858 845 2912 mit
864 2857 914 2914 der
933 2859 1140 2912 lnotuoaoteot
1162 2859 1238 2916 eines

142 2941 290 2990 *concreten
313 2937 611 3002 Wilteasentscblusses,
634 2937 685 2992 mit
704 2937 754 2992 der
772 2939 979 2992 Indtmdeolitdt
998 2943 1044 2993 des
1068 2938 1242 3008 diminuere·

146 3019 203 3074 mit
220 3018 270 3074 der
286 3019 492 3074 Indimttuota'tdt
509 3023 580 3073 eines
598 3021 820 3074 determiniertcn
838 3020 1027 3086 deschdttes.»
1045 3021 1083 3078 be
1101 3022 1241 3078 voluntate

151 3101 198 3156 illa
210 3102 346 3163 concreta.
359 3100 448 3168 qualis
458 3100 534 3167 juxta
546 3103 652 3157 ueteres
663 3101 788 3164 sufficiat,
799 3115 855 3158 non
865 3103 920 3168 jam
931 3102 1066 3170 agendum
1079 3107 1136 3168 est;
1149 3103 1239 3171 quoad

152 3186 326 3243 individuum
343 3185 508 3242 creditorem
525 3201 557 3242 ac
575 3185 743 3242 individuam
761 3187 983 3253 negotiationem.
1000 3188 1067 3244 haec
1084 3188 1240 3245 nullatenus

147 3268 180 3324 in
191 3269 316 3334 ipsorum
328 3267 434 3323 theoria
445 3274 504 3324 erat
515 3266 582 3335 quid
593 3268 738 3324 essentiale
750 3267 820 3325 lucri
832 3269 964 3324 cessantis
977 3288 983 3324 :
998 3270 1034 3326 ita
1045 3269 1145 3325 abhinc
1157 3269 1239 3336 longo

146 3352 285 3417 tempore.
307 3349 391 3406 relate
413 3348 447 3404 ad
470 3353 558 3405 certas
580 3363 761 3416 personarum
783 3352 891 3416 comtes.
912 3365 938 3405 u.
960 3365 987 3418 g,
1009 3353 1239 3410 mercatoruma

144 3432 261 3490 essibus
272 3431 421 3488 individuis
439 3435 565 3488 auctores
580 3431 739 3489 abstrahere
755 3432 854 3489 solent.
867 3432 973 3488 Etenim
984 3433 1128 3490 manifeste
1139 3431 1240 3499 pendet

151 3515 184 3568 ot
195 3516 327 3580 minuetis
338 3517 501 3568 economeo
514 3516 650 3579 temporat,
661 3516 943 3580 oeconomorum,
953 3517 1049 3571 utrum
1058 3514 1156 3570 titulus
1167 3513 1238 3570 lucri

144 3597 283 3654 cessantis
294 3597 509 3654 eonsidemndus
521 3597 557 3652 sit
565 3597 595 3652 in
603 3596 713 3663 singulo
722 3611 796 3660 casu.
806 3611 843 3652 an
851 3597 1002 3653 universim
1012 3595 1238 3664 praesumendus.

148 3680 227 3736 Unde
237 3679 394 3746 exemplum
405 3678 517 3736 allatum
535 3693 550 3734 a
568 3678 678 3734 laudato
695 3680 808 3736 auctore
826 3693 883 3735 non
900 3680 997 3746 probat
1010 3697 1017 3733 :
1030 3691 1137 3734 «wenn
1149 3677 1237 3734 dureh

147 3762 213 3819 eine
225 3761 402 3818 einbeitliohe
412 3762 529 3818 Ursaehe
542 3761 586 3818 idr
597 3760 667 3818 vielc
680 3761 725 3817 ein
737 3761 859 3817 schaden
870 3760 1049 3827 angerichtet.
1062 3761 1108 3816 ein
1122 3760 1239 3816 Gewinn

150 3848 285 3912 enteogen
296 3844 342 3907 ist,
354 3860 378 3899 z.
391 3843 420 3900 B.
433 3843 521 3900 durch
539 3843 635 3900 dolose
652 3843 886 3910 Brandstiltungu
899 3842 967 3908 dgl..
980 3856 1012 3899 so
1023 3842 1163 3899 bestimmt
1178 3841 1238 3898 sich

146 3931 201 3988 der
211 3931 304 3990 Ersatz
315 3931 391 3990 nieht
402 3932 431 3987 in
443 3932 519 3988 einer
529 3930 723 3988 hlittelsumme
733 3930 779 3986 fiir
789 3930 883 3994 leden,
895 3929 945 3986 der
956 3943 1010 3985 von
1022 3929 1085 3985 dem
1096 3928 1237 3994 Unglriche

152 4013 226 4070 htitte
237 4012 372 4069 betroiien
384 4013 498 4069 werden
509 4013 632 4069 konnen:
642 4012 761 4068 sondern
772 4025 825 4067 nur
836 4011 896 4073 der.
908 4009 1031 4066 welcher
1048 4010 1239 4066 nachweisbar

151 4093 311 4160 beschadigt
321 4094 438 4150 worden
449 4095 494 4157 ist,
508 4093 554 4148 hat
572 4094 643 4150 nach
660 4093 722 4149 dem
739 4093 824 4148 hlasse
841 4093 931 4147 seines
949 4091 1147 4148 individuellen
1158 4091 1236 4148 Scha-

147 4175 235 4243 dens‚
265 4176 519 4242 beziehungsweise
549 4174 799 4232 Gewinnverlustes
826 4173 906 4230 einen
928 4174 1167 4240 Rechtsanspruch
1191 4173 1241 4229 aui
