<?xml version="1.0" encoding="UTF-8"?>
<!DOCTYPE html PUBLIC "-//W3C//DTD XHTML 1.0 Transitional//EN"
    "http://www.w3.org/TR/xhtml1/DTD/xhtml1-transitional.dtd">
<html xmlns="http://www.w3.org/1999/xhtml" xml:lang="en" lang="en">
 <head>
  <title>
</title>
<meta http-equiv="Content-Type" content="text/html;charset=utf-8" />
  <meta name='ocr-system' content='tesseract 3.04.00' />
  <meta name='ocr-capabilities' content='ocr_page ocr_carea ocr_par ocr_line ocrx_word'/>
</head>
<body>
  <div class='ocr_page' id='page_1' title='image "./dejustoauctario00roeygoog_0283.png"; bbox 0 0 3242 4959; ppageno 0'>
   <div class='ocr_carea' id='block_1_1' title="bbox 424 452 1214 518">
    <p class='ocr_par' dir='ltr' id='par_1_1' title="bbox 424 452 1214 518">
     <span class='ocr_line' id='line_1_1' title="bbox 424 452 1214 518; baseline 0.005 -4"><span class='ocrx_word' id='word_1_1' title='bbox 424 468 490 514; x_wconf 84' lang='lat' dir='ltr'>cao.</span> <span class='ocrx_word' id='word_1_2' title='bbox 507 467 541 514; x_wconf 92' lang='lat' dir='ltr'>n.</span> <span class='ocrx_word' id='word_1_3' title='bbox 557 469 774 516; x_wconf 78' lang='lat' dir='ltr'>numurmmu</span> <span class='ocrx_word' id='word_1_4' title='bbox 789 469 915 515; x_wconf 71' lang='lat' dir='ltr'>curum.</span> <span class='ocrx_word' id='word_1_5' title='bbox 1150 452 1214 518; x_wconf 65' lang='lat'>255</span> 
     </span>
    </p>
   </div>
   <div class='ocr_carea' id='block_1_2' title="bbox 114 634 1219 3760">
    <p class='ocr_par' dir='ltr' id='par_1_2' title="bbox 118 634 1219 2000">
     <span class='ocr_line' id='line_1_2' title="bbox 119 634 1210 716; baseline -0.002 -16"><span class='ocrx_word' id='word_1_6' title='bbox 119 637 222 716; x_wconf 86' lang='lat' dir='ltr'>Lugo,</span> <span class='ocrx_word' id='word_1_7' title='bbox 241 634 282 698; x_wconf 86' lang='lat' dir='ltr'>ad</span> <span class='ocrx_word' id='word_1_8' title='bbox 302 634 484 698; x_wconf 66' lang='lat' dir='ltr'>mirandum</span> <span class='ocrx_word' id='word_1_9' title='bbox 505 643 720 716; x_wconf 75' lang='lat' dir='ltr'>argumentum</span> <span class='ocrx_word' id='word_1_10' title='bbox 740 651 843 707; x_wconf 87' lang='lat' dir='ltr'>suum,</span> <span class='ocrx_word' id='word_1_11' title='bbox 864 635 1010 698; x_wconf 75' lang='lat' dir='ltr'>admiuit</span> <span class='ocrx_word' id='word_1_12' title='bbox 1026 669 1069 680; x_wconf 94' lang='lat'>-</span> <span class='ocrx_word' id='word_1_13' title='bbox 1081 635 1210 712; x_wconf 76' lang='lat' dir='ltr'>beinde,</span> 
     </span>
     <span class='ocr_line' id='line_1_3' title="bbox 119 735 1211 817; baseline 0 -19"><span class='ocrx_word' id='word_1_14' title='bbox 119 735 161 798; x_wconf 90' lang='lat' dir='ltr'>ab</span> <span class='ocrx_word' id='word_1_15' title='bbox 176 735 274 798; x_wconf 85' lang='lat' dir='ltr'>altera</span> <span class='ocrx_word' id='word_1_16' title='bbox 289 743 386 815; x_wconf 89' lang='lat' dir='ltr'>parte,</span> <span class='ocrx_word' id='word_1_17' title='bbox 402 735 434 816; x_wconf 85' lang='lat' dir='ltr'>b)</span> <span class='ocrx_word' id='word_1_18' title='bbox 448 739 485 812; x_wconf 83' lang='lat' dir='ltr'>(t)</span> <span class='ocrx_word' id='word_1_19' title='bbox 498 737 608 800; x_wconf 91' lang='lat' dir='ltr'>merito</span> <span class='ocrx_word' id='word_1_20' title='bbox 622 745 713 816; x_wconf 82' lang='lat' dir='ltr'>negat</span> <span class='ocrx_word' id='word_1_21' title='bbox 725 736 986 817; x_wconf 67' lang='lat' dir='ltr'>comparativam</span> <span class='ocrx_word' id='word_1_22' title='bbox 1003 736 1083 799; x_wconf 81' lang='lat' dir='ltr'>iuter</span> <span class='ocrx_word' id='word_1_23' title='bbox 1100 751 1211 816; x_wconf 79' lang='lat' dir='ltr'>agrum</span> 
     </span>
     <span class='ocr_line' id='line_1_4' title="bbox 118 835 1210 916; baseline 0 -19"><span class='ocrx_word' id='word_1_24' title='bbox 118 843 151 898; x_wconf 89' lang='lat' dir='ltr'>et</span> <span class='ocrx_word' id='word_1_25' title='bbox 173 835 334 914; x_wconf 80' lang='lat' dir='ltr'>pecuniam</span> <span class='ocrx_word' id='word_1_26' title='bbox 358 835 460 914; x_wconf 81' lang='lat' dir='ltr'>qualis</span> <span class='ocrx_word' id='word_1_27' title='bbox 480 851 498 898; x_wconf 92' lang='lat' dir='ltr'>a</span> <span class='ocrx_word' id='word_1_28' title='bbox 520 835 643 899; x_wconf 86' lang='lat' dir='ltr'>laudato</span> <span class='ocrx_word' id='word_1_29' title='bbox 664 843 786 899; x_wconf 87' lang='lat' dir='ltr'>auctore</span> <span class='ocrx_word' id='word_1_30' title='bbox 805 836 931 916; x_wconf 90' lang='lat' dir='ltr'>ponitur</span> <span class='ocrx_word' id='word_1_31' title='bbox 951 852 961 898; x_wconf 90' lang='lat'>:</span> <span class='ocrx_word' id='word_1_32' title='bbox 980 835 1104 898; x_wconf 78' lang='lat' dir='ltr'>‹utitur</span> <span class='ocrx_word' id='word_1_33' title='bbox 1122 837 1210 915; x_wconf 80' lang='lat' dir='ltr'>bugu</span> 
     </span>
     <span class='ocr_line' id='line_1_5' title="bbox 119 934 1211 1015; baseline 0.002 -19"><span class='ocrx_word' id='word_1_34' title='bbox 119 934 263 1014; x_wconf 80' lang='lat' dir='ltr'>exemplo</span> <span class='ocrx_word' id='word_1_35' title='bbox 278 934 355 1014; x_wconf 85' lang='lat' dir='ltr'>agri,</span> <span class='ocrx_word' id='word_1_36' title='bbox 372 934 425 1012; x_wconf 81' lang='lat' dir='ltr'>qui</span> <span class='ocrx_word' id='word_1_37' title='bbox 440 949 502 996; x_wconf 92' lang='lat' dir='ltr'>non</span> <span class='ocrx_word' id='word_1_38' title='bbox 517 935 630 999; x_wconf 93' lang='lat' dir='ltr'>minori</span> <span class='ocrx_word' id='word_1_39' title='bbox 649 935 746 1015; x_wconf 85' lang='lat' dir='ltr'>pretio</span> <span class='ocrx_word' id='word_1_40' title='bbox 769 935 912 998; x_wconf 80' lang='lat' dir='ltr'>renuitur</span> <span class='ocrx_word' id='word_1_41' title='bbox 929 935 988 998; x_wconf 90' lang='lat' dir='ltr'>boc</span> <span class='ocrx_word' id='word_1_42' title='bbox 1007 951 1100 1009; x_wconf 87' lang='lat' dir='ltr'>anuo,</span> <span class='ocrx_word' id='word_1_43' title='bbox 1116 949 1211 1013; x_wconf 72' lang='lat' dir='ltr'>gurm</span> 
     </span>
     <span class='ocr_line' id='line_1_6' title="bbox 118 1031 1210 1114; baseline 0.001 -18"><span class='ocrx_word' id='word_1_44' title='bbox 118 1031 234 1096; x_wconf 87' lang='lat' dir='ltr'>fuisset</span> <span class='ocrx_word' id='word_1_45' title='bbox 247 1031 388 1095; x_wconf 86' lang='lat' dir='ltr'>venditus</span> <span class='ocrx_word' id='word_1_46' title='bbox 402 1049 484 1096; x_wconf 83' lang='lat' dir='ltr'>auno</span> <span class='ocrx_word' id='word_1_47' title='bbox 504 1032 621 1113; x_wconf 85' lang='lat' dir='ltr'>elapso.</span> <span class='ocrx_word' id='word_1_48' title='bbox 637 1036 678 1097; x_wconf 80' lang='lat' dir='ltr'>At</span> <span class='ocrx_word' id='word_1_49' title='bbox 697 1034 884 1114; x_wconf 86' lang='lat' dir='ltr'>comparatio</span> <span class='ocrx_word' id='word_1_50' title='bbox 903 1033 1066 1097; x_wconf 70' lang='lat' dir='ltr'>canunt</span> <span class='ocrx_word' id='word_1_51' title='bbox 1082 1033 1116 1097; x_wconf 90' lang='lat' dir='ltr'>Sl</span> <span class='ocrx_word' id='word_1_52' title='bbox 1136 1048 1210 1113; x_wconf 81' lang='lat' dir='ltr'>ager</span> 
     </span>
     <span class='ocr_line' id='line_1_7' title="bbox 118 1129 1211 1212; baseline 0.003 -20"><span class='ocrx_word' id='word_1_53' title='bbox 118 1130 206 1192; x_wconf 90' lang='lat' dir='ltr'>enim</span> <span class='ocrx_word' id='word_1_54' title='bbox 222 1139 343 1210; x_wconf 87' lang='lat' dir='ltr'>emptus</span> <span class='ocrx_word' id='word_1_55' title='bbox 357 1131 396 1193; x_wconf 85' lang='lat' dir='ltr'>ab</span> <span class='ocrx_word' id='word_1_56' title='bbox 409 1130 474 1194; x_wconf 87' lang='lat' dir='ltr'>alio</span> <span class='ocrx_word' id='word_1_57' title='bbox 486 1129 595 1194; x_wconf 85' lang='lat' dir='ltr'>luisset</span> <span class='ocrx_word' id='word_1_58' title='bbox 607 1132 712 1211; x_wconf 82' lang='lat' dir='ltr'>elapso</span> <span class='ocrx_word' id='word_1_59' title='bbox 725 1148 820 1206; x_wconf 87' lang='lat' dir='ltr'>anno,</span> <span class='ocrx_word' id='word_1_60' title='bbox 836 1129 1211 1212; x_wconf 82' lang='lat' dir='ltr'>possemnetratlerepost</span> 
     </span>
     <span class='ocr_line' id='line_1_8' title="bbox 118 1227 1219 1312; baseline 0.001 -22"><span class='ocrx_word' id='word_1_61' title='bbox 118 1244 220 1291; x_wconf 92' lang='lat' dir='ltr'>unum</span> <span class='ocrx_word' id='word_1_62' title='bbox 242 1236 294 1290; x_wconf 91' lang='lat' dir='ltr'>aut</span> <span class='ocrx_word' id='word_1_63' title='bbox 315 1227 393 1291; x_wconf 88' lang='lat' dir='ltr'>duos</span> <span class='ocrx_word' id='word_1_64' title='bbox 413 1243 512 1292; x_wconf 91' lang='lat' dir='ltr'>annos</span> <span class='ocrx_word' id='word_1_65' title='bbox 534 1229 592 1293; x_wconf 89' lang='lat' dir='ltr'>bac</span> <span class='ocrx_word' id='word_1_66' title='bbox 616 1229 726 1292; x_wconf 88' lang='lat' dir='ltr'>doctus</span> <span class='ocrx_word' id='word_1_67' title='bbox 750 1231 879 1304; x_wconf 87' lang='lat' dir='ltr'>ratione,</span> <span class='ocrx_word' id='word_1_68' title='bbox 899 1230 972 1310; x_wconf 78' lang='lat' dir='ltr'>quia</span> <span class='ocrx_word' id='word_1_69' title='bbox 992 1230 1124 1309; x_wconf 88' lang='lat' dir='ltr'>pretium</span> <span class='ocrx_word' id='word_1_70' title='bbox 1148 1245 1219 1312; x_wconf 87' lang='lat' dir='ltr'>non</span> 
     </span>
     <span class='ocr_line' id='line_1_9' title="bbox 119 1326 1209 1407; baseline 0.001 -17"><span class='ocrx_word' id='word_1_71' title='bbox 119 1335 261 1390; x_wconf 87' lang='lat' dir='ltr'>mutatur</span> <span class='ocrx_word' id='word_1_72' title='bbox 274 1336 304 1388; x_wconf 91' lang='lat' dir='ltr'>et</span> <span class='ocrx_word' id='word_1_73' title='bbox 322 1342 430 1402; x_wconf 83' lang='lat' dir='ltr'>agnum</span> <span class='ocrx_word' id='word_1_74' title='bbox 452 1327 539 1390; x_wconf 86' lang='lat' dir='ltr'>tratlo</span> <span class='ocrx_word' id='word_1_75' title='bbox 559 1343 629 1390; x_wconf 94' lang='lat' dir='ltr'>cum</span> <span class='ocrx_word' id='word_1_76' title='bbox 651 1343 686 1390; x_wconf 89' lang='lat' dir='ltr'>ea</span> <span class='ocrx_word' id='word_1_77' title='bbox 706 1326 849 1391; x_wconf 73' lang='lat' dir='ltr'><strong>facultate</strong></span> <span class='ocrx_word' id='word_1_78' title='bbox 867 1326 1054 1407; x_wconf 83' lang='lat' dir='ltr'>percipiendi</span> <span class='ocrx_word' id='word_1_79' title='bbox 1075 1326 1209 1391; x_wconf 76' lang='lat' dir='ltr'>nucum</span> 
     </span>
     <span class='ocr_line' id='line_1_10' title="bbox 120 1424 1210 1506; baseline 0 -18"><span class='ocrx_word' id='word_1_80' title='bbox 120 1441 218 1504; x_wconf 86' lang='lat' dir='ltr'>quam</span> <span class='ocrx_word' id='word_1_81' title='bbox 238 1425 371 1488; x_wconf 79' lang='lat' dir='ltr'>babebat</span> <span class='ocrx_word' id='word_1_82' title='bbox 391 1441 473 1487; x_wconf 87' lang='lat' dir='ltr'>anno</span> <span class='ocrx_word' id='word_1_83' title='bbox 492 1425 739 1488; x_wconf 78' lang='lat' dir='ltr'>antecedentil...</span> <span class='ocrx_word' id='word_1_84' title='bbox 756 1425 844 1499; x_wconf 83' lang='lat' dir='ltr'>Quod</span> <span class='ocrx_word' id='word_1_85' title='bbox 865 1424 1051 1488; x_wconf 88' lang='lat' dir='ltr'>luculentius</span> <span class='ocrx_word' id='word_1_86' title='bbox 1067 1435 1162 1506; x_wconf 80' lang='lat' dir='ltr'>patet,</span> <span class='ocrx_word' id='word_1_87' title='bbox 1181 1426 1210 1488; x_wconf 88' lang='lat' dir='ltr'>si</span> 
     </span>
     <span class='ocr_line' id='line_1_11' title="bbox 120 1522 1209 1603; baseline 0.002 -17"><span class='ocrx_word' id='word_1_88' title='bbox 120 1537 231 1603; x_wconf 86' lang='lat' dir='ltr'>agrum</span> <span class='ocrx_word' id='word_1_89' title='bbox 253 1538 315 1585; x_wconf 95' lang='lat' dir='ltr'>non</span> <span class='ocrx_word' id='word_1_90' title='bbox 335 1522 425 1585; x_wconf 87' lang='lat' dir='ltr'>vendi</span> <span class='ocrx_word' id='word_1_91' title='bbox 448 1523 550 1603; x_wconf 87' lang='lat' dir='ltr'>lingis,</span> <span class='ocrx_word' id='word_1_92' title='bbox 567 1524 620 1586; x_wconf 86' lang='lat' dir='ltr'>sed</span> <span class='ocrx_word' id='word_1_93' title='bbox 635 1524 799 1603; x_wconf 87' lang='lat' dir='ltr'>permutari</span> <span class='ocrx_word' id='word_1_94' title='bbox 814 1539 885 1586; x_wconf 93' lang='lat' dir='ltr'>cum</span> <span class='ocrx_word' id='word_1_95' title='bbox 899 1522 1015 1602; x_wconf 88' lang='lat' dir='ltr'>palatio</span> <span class='ocrx_word' id='word_1_96' title='bbox 1027 1539 1057 1584; x_wconf 86' lang='lat' dir='ltr'>r.</span> <span class='ocrx_word' id='word_1_97' title='bbox 1073 1540 1119 1603; x_wconf 91' lang='lat' dir='ltr'>g.;</span> <span class='ocrx_word' id='word_1_98' title='bbox 1136 1540 1209 1588; x_wconf 88' lang='lat' dir='ltr'>nam</span> 
     </span>
     <span class='ocr_line' id='line_1_12' title="bbox 121 1619 1208 1702; baseline 0.001 -19"><span class='ocrx_word' id='word_1_99' title='bbox 121 1621 200 1684; x_wconf 91' lang='lat' dir='ltr'>alter</span> <span class='ocrx_word' id='word_1_100' title='bbox 214 1619 371 1684; x_wconf 79' lang='lat' dir='ltr'><strong>fruebatur</strong></span> <span class='ocrx_word' id='word_1_101' title='bbox 384 1621 500 1684; x_wconf 87' lang='lat' dir='ltr'>interea</span> <span class='ocrx_word' id='word_1_102' title='bbox 513 1621 628 1701; x_wconf 87' lang='lat' dir='ltr'>palatio</span> <span class='ocrx_word' id='word_1_103' title='bbox 643 1637 709 1684; x_wconf 84' lang='lat' dir='ltr'>suo.</span> <span class='ocrx_word' id='word_1_104' title='bbox 725 1623 764 1686; x_wconf 87' lang='lat' dir='ltr'>Ut</span> <span class='ocrx_word' id='word_1_105' title='bbox 776 1622 951 1701; x_wconf 77' lang='lat' dir='ltr'>exemplum</span> <span class='ocrx_word' id='word_1_106' title='bbox 963 1630 1077 1697; x_wconf 88' lang='lat' dir='ltr'>currat,</span> <span class='ocrx_word' id='word_1_107' title='bbox 1093 1622 1208 1702; x_wconf 86' lang='lat' dir='ltr'>lingere</span> 
     </span>
     <span class='ocr_line' id='line_1_13' title="bbox 121 1719 1215 1800; baseline 0.003 -18"><span class='ocrx_word' id='word_1_108' title='bbox 121 1719 228 1795; x_wconf 88' lang='lat' dir='ltr'>debes,</span> <span class='ocrx_word' id='word_1_109' title='bbox 251 1719 418 1798; x_wconf 84' lang='lat' dir='ltr'>permutari</span> <span class='ocrx_word' id='word_1_110' title='bbox 438 1735 509 1782; x_wconf 90' lang='lat' dir='ltr'>cum</span> <span class='ocrx_word' id='word_1_111' title='bbox 529 1720 655 1800; x_wconf 86' lang='lat' dir='ltr'>palatio,</span> <span class='ocrx_word' id='word_1_112' title='bbox 678 1719 732 1782; x_wconf 86' lang='lat' dir='ltr'>sed</span> <span class='ocrx_word' id='word_1_113' title='bbox 756 1721 880 1783; x_wconf 85' lang='lat' dir='ltr'>interim</span> <span class='ocrx_word' id='word_1_114' title='bbox 904 1735 1014 1800; x_wconf 78' lang='lat' dir='ltr'>agnum</span> <span class='ocrx_word' id='word_1_115' title='bbox 1037 1721 1117 1784; x_wconf 82' lang='lat' dir='ltr'>tradi</span> <span class='ocrx_word' id='word_1_116' title='bbox 1141 1729 1215 1800; x_wconf 82' lang='lat' dir='ltr'>post</span> 
     </span>
     <span class='ocr_line' id='line_1_14' title="bbox 121 1823 1208 1903; baseline 0.005 -16"><span class='ocrx_word' id='word_1_117' title='bbox 121 1823 202 1887; x_wconf 88' lang='lat' dir='ltr'>duos</span> <span class='ocrx_word' id='word_1_118' title='bbox 216 1839 324 1899; x_wconf 92' lang='lat' dir='ltr'>annos,</span> <span class='ocrx_word' id='word_1_119' title='bbox 340 1839 410 1887; x_wconf 90' lang='lat' dir='ltr'>cum</span> <span class='ocrx_word' id='word_1_120' title='bbox 424 1824 573 1903; x_wconf 90' lang='lat' dir='ltr'>palatium</span> <span class='ocrx_word' id='word_1_121' title='bbox 589 1824 692 1886; x_wconf 88' lang='lat' dir='ltr'>statim</span> <span class='ocrx_word' id='word_1_122' title='bbox 715 1823 862 1887; x_wconf 85' lang='lat' dir='ltr'>traditum</span> <span class='ocrx_word' id='word_1_123' title='bbox 881 1823 983 1888; x_wconf 82' lang='lat' dir='ltr'>luerit.</span> <span class='ocrx_word' id='word_1_124' title='bbox 1000 1824 1085 1887; x_wconf 85' lang='lat' dir='ltr'>idem</span> <span class='ocrx_word' id='word_1_125' title='bbox 1103 1823 1208 1892; x_wconf 76' lang='lat' dir='ltr'>(licito.</span> 
     </span>
     <span class='ocr_line' id='line_1_15' title="bbox 121 1919 1115 2000; baseline -0.004 -17"><span class='ocrx_word' id='word_1_126' title='bbox 121 1919 149 1983; x_wconf 90' lang='lat' dir='ltr'>si</span> <span class='ocrx_word' id='word_1_127' title='bbox 167 1922 299 2000; x_wconf 89' lang='lat' dir='ltr'>tingatur</span> <span class='ocrx_word' id='word_1_128' title='bbox 312 1921 496 2000; x_wconf 76' lang='lat' dir='ltr'>permutatio</span> <span class='ocrx_word' id='word_1_129' title='bbox 513 1936 660 2000; x_wconf 85' lang='lat' dir='ltr'>equorum</span> <span class='ocrx_word' id='word_1_130' title='bbox 675 1929 727 1984; x_wconf 91' lang='lat' dir='ltr'>aut</span> <span class='ocrx_word' id='word_1_131' title='bbox 741 1922 835 1985; x_wconf 90' lang='lat' dir='ltr'>boum</span> <span class='ocrx_word' id='word_1_132' title='bbox 848 1930 901 1984; x_wconf 90' lang='lat' dir='ltr'>aut</span> <span class='ocrx_word' id='word_1_133' title='bbox 915 1922 1084 1985; x_wconf 85' lang='lat' dir='ltr'>asinorum.</span> <span class='ocrx_word' id='word_1_134' title='bbox 1099 1944 1115 1979; x_wconf 83' lang='lat'>›</span> 
     </span>
    </p>

    <p class='ocr_par' dir='ltr' id='par_1_3' title="bbox 114 2017 1210 2298">
     <span class='ocr_line' id='line_1_16' title="bbox 165 2017 1210 2103; baseline 0.003 -21"><span class='ocrx_word' id='word_1_135' title='bbox 165 2017 253 2082; x_wconf 83' lang='lat' dir='ltr'><strong>Unde</strong></span> <span class='ocrx_word' id='word_1_136' title='bbox 276 2035 312 2081; x_wconf 83' lang='lat' dir='ltr'>er</span> <span class='ocrx_word' id='word_1_137' title='bbox 338 2019 415 2099; x_wconf 91' lang='lat' dir='ltr'>ipsis</span> <span class='ocrx_word' id='word_1_138' title='bbox 440 2019 601 2100; x_wconf 84' lang='lat' dir='ltr'>principiis</span> <span class='ocrx_word' id='word_1_139' title='bbox 625 2036 643 2083; x_wconf 96' lang='lat' dir='ltr'>a</span> <span class='ocrx_word' id='word_1_140' title='bbox 668 2018 758 2082; x_wconf 76' lang='lat' dir='ltr'>(larci.</span> <span class='ocrx_word' id='word_1_141' title='bbox 785 2020 824 2082; x_wconf 88' lang='lat' dir='ltr'>de</span> <span class='ocrx_word' id='word_1_142' title='bbox 850 2022 934 2100; x_wconf 85' lang='lat' dir='ltr'>Lugo</span> <span class='ocrx_word' id='word_1_143' title='bbox 960 2020 1081 2100; x_wconf 88' lang='lat' dir='ltr'>positis,</span> <span class='ocrx_word' id='word_1_144' title='bbox 1107 2022 1210 2103; x_wconf 84' lang='lat' dir='ltr'>magis</span> 
     </span>
     <span class='ocr_line' id='line_1_17' title="bbox 121 2117 1209 2200; baseline 0.004 -19"><span class='ocrx_word' id='word_1_145' title='bbox 121 2119 223 2199; x_wconf 82' lang='lat' dir='ltr'>logice</span> <span class='ocrx_word' id='word_1_146' title='bbox 244 2119 280 2181; x_wconf 92' lang='lat' dir='ltr'>P.</span> <span class='ocrx_word' id='word_1_147' title='bbox 300 2117 446 2181; x_wconf 88' lang='lat' dir='ltr'>Ballerinl</span> <span class='ocrx_word' id='word_1_148' title='bbox 469 2118 561 2183; x_wconf 83' lang='lat' dir='ltr'>infert</span> <span class='ocrx_word' id='word_1_149' title='bbox 580 2135 617 2182; x_wconf 87' lang='lat' dir='ltr'>er</span> <span class='ocrx_word' id='word_1_150' title='bbox 642 2125 778 2182; x_wconf 91' lang='lat' dir='ltr'>mutuata</span> <span class='ocrx_word' id='word_1_151' title='bbox 802 2120 932 2199; x_wconf 89' lang='lat' dir='ltr'>pecunia</span> <span class='ocrx_word' id='word_1_152' title='bbox 951 2136 1072 2200; x_wconf 76' lang='lat' dir='ltr'>sempor</span> <span class='ocrx_word' id='word_1_153' title='bbox 1091 2121 1209 2199; x_wconf 81' lang='lat' dir='ltr'>justum</span> 
     </span>
     <span class='ocr_line' id='line_1_18' title="bbox 114 2215 1035 2298; baseline -0.001 -18"><span class='ocrx_word' id='word_1_154' title='bbox 114 2215 244 2280; x_wconf 78' lang='lat' dir='ltr'>&#39;lucrum</span> <span class='ocrx_word' id='word_1_155' title='bbox 258 2216 385 2298; x_wconf 89' lang='lat' dir='ltr'>percipi.</span> <span class='ocrx_word' id='word_1_156' title='bbox 1029 2231 1035 2240; x_wconf 49' lang='lat'>⁸</span> 
     </span>
    </p>

    <p class='ocr_par' dir='ltr' id='par_1_4' title="bbox 121 2315 1214 3760">
     <span class='ocr_line' id='line_1_19' title="bbox 165 2315 1212 2396; baseline 0.001 -17"><span class='ocrx_word' id='word_1_157' title='bbox 165 2318 206 2379; x_wconf 82' lang='lat' dir='ltr'>at</span> <span class='ocrx_word' id='word_1_158' title='bbox 225 2327 326 2378; x_wconf 89' lang='lat' dir='ltr'>nostra</span> <span class='ocrx_word' id='word_1_159' title='bbox 348 2315 509 2388; x_wconf 89' lang='lat' dir='ltr'>sententia,</span> <span class='ocrx_word' id='word_1_160' title='bbox 532 2325 597 2378; x_wconf 92' lang='lat' dir='ltr'>tum</span> <span class='ocrx_word' id='word_1_161' title='bbox 621 2317 654 2378; x_wconf 98' lang='lat' dir='ltr'>in</span> <span class='ocrx_word' id='word_1_162' title='bbox 678 2315 831 2396; x_wconf 80' lang='lat' dir='ltr'>positione</span> <span class='ocrx_word' id='word_1_163' title='bbox 855 2316 951 2392; x_wconf 81' lang='lat' dir='ltr'>illius,</span> <span class='ocrx_word' id='word_1_164' title='bbox 974 2326 1039 2379; x_wconf 92' lang='lat' dir='ltr'>tum</span> <span class='ocrx_word' id='word_1_165' title='bbox 1064 2316 1212 2393; x_wconf 81' lang='lat' dir='ltr'>inhujus</span> 
     </span>
     <span class='ocr_line' id='line_1_20' title="bbox 122 2412 1212 2495; baseline 0 -18"><span class='ocrx_word' id='word_1_166' title='bbox 122 2414 327 2488; x_wconf 89' lang='lat' dir='ltr'>discussione,</span> <span class='ocrx_word' id='word_1_167' title='bbox 350 2413 447 2478; x_wconf 86' lang='lat' dir='ltr'>multa</span> <span class='ocrx_word' id='word_1_168' title='bbox 467 2412 705 2478; x_wconf 81' lang='lat' dir='ltr'>confunduntur.</span> <span class='ocrx_word' id='word_1_169' title='bbox 721 2418 800 2479; x_wconf 80' lang='lat' dir='ltr'>Ante</span> <span class='ocrx_word' id='word_1_170' title='bbox 820 2415 925 2477; x_wconf 92' lang='lat' dir='ltr'>omnia</span> <span class='ocrx_word' id='word_1_171' title='bbox 944 2430 1017 2495; x_wconf 90' lang='lat' dir='ltr'>prae</span> <span class='ocrx_word' id='word_1_172' title='bbox 1037 2414 1135 2478; x_wconf 88' lang='lat' dir='ltr'>oculis</span> <span class='ocrx_word' id='word_1_173' title='bbox 1154 2415 1212 2477; x_wconf 86' lang='lat' dir='ltr'>ba·</span> 
     </span>
     <span class='ocr_line' id='line_1_21' title="bbox 121 2511 1212 2593; baseline -0.003 -15"><span class='ocrx_word' id='word_1_174' title='bbox 121 2513 258 2578; x_wconf 91' lang='lat' dir='ltr'>bendum</span> <span class='ocrx_word' id='word_1_175' title='bbox 283 2521 329 2575; x_wconf 87' lang='lat' dir='ltr'>est</span> <span class='ocrx_word' id='word_1_176' title='bbox 354 2513 386 2574; x_wconf 93' lang='lat' dir='ltr'>in</span> <span class='ocrx_word' id='word_1_177' title='bbox 411 2529 483 2576; x_wconf 90' lang='lat' dir='ltr'>casu</span> <span class='ocrx_word' id='word_1_178' title='bbox 511 2514 643 2593; x_wconf 91' lang='lat' dir='ltr'>supponi</span> <span class='ocrx_word' id='word_1_179' title='bbox 669 2530 785 2576; x_wconf 86' lang='lat' dir='ltr'>merom</span> <span class='ocrx_word' id='word_1_180' title='bbox 813 2513 1032 2593; x_wconf 76' lang='lat' dir='ltr'>obligationem</span> <span class='ocrx_word' id='word_1_181' title='bbox 1054 2513 1124 2575; x_wconf 80' lang='lat' dir='ltr'>sinc</span> <span class='ocrx_word' id='word_1_182' title='bbox 1146 2511 1212 2575; x_wconf 82' lang='lat' dir='ltr'>ullo</span> 
     </span>
     <span class='ocr_line' id='line_1_22' title="bbox 122 2611 1207 2692; baseline 0 -18"><span class='ocrx_word' id='word_1_183' title='bbox 122 2611 316 2674; x_wconf 82' lang='lat' dir='ltr'>incommodo</span> <span class='ocrx_word' id='word_1_184' title='bbox 328 2611 407 2673; x_wconf 84' lang='lat' dir='ltr'>reoli</span> <span class='ocrx_word' id='word_1_185' title='bbox 425 2627 517 2691; x_wconf 86' lang='lat' dir='ltr'>quam</span> <span class='ocrx_word' id='word_1_186' title='bbox 533 2612 614 2692; x_wconf 84' lang='lat' dir='ltr'>quis,</span> <span class='ocrx_word' id='word_1_187' title='bbox 629 2620 691 2674; x_wconf 88' lang='lat' dir='ltr'>tam</span> <span class='ocrx_word' id='word_1_188' title='bbox 706 2612 738 2674; x_wconf 91' lang='lat' dir='ltr'>in</span> <span class='ocrx_word' id='word_1_189' title='bbox 753 2619 859 2675; x_wconf 89' lang='lat' dir='ltr'>mutuo</span> <span class='ocrx_word' id='word_1_190' title='bbox 880 2627 972 2691; x_wconf 84' lang='lat' dir='ltr'>quam</span> <span class='ocrx_word' id='word_1_191' title='bbox 993 2612 1026 2674; x_wconf 91' lang='lat' dir='ltr'>in</span> <span class='ocrx_word' id='word_1_192' title='bbox 1047 2612 1207 2688; x_wconf 91' lang='lat' dir='ltr'>locatione,</span> 
     </span>
     <span class='ocr_line' id='line_1_23' title="bbox 122 2708 1212 2791; baseline 0 -18"><span class='ocrx_word' id='word_1_193' title='bbox 122 2717 294 2773; x_wconf 84' lang='lat' dir='ltr'>assumeret</span> <span class='ocrx_word' id='word_1_194' title='bbox 307 2725 369 2772; x_wconf 95' lang='lat' dir='ltr'>non</span> <span class='ocrx_word' id='word_1_195' title='bbox 384 2711 488 2774; x_wconf 85' lang='lat' dir='ltr'>utendi</span> <span class='ocrx_word' id='word_1_196' title='bbox 503 2712 634 2791; x_wconf 90' lang='lat' dir='ltr'>pecunia</span> <span class='ocrx_word' id='word_1_197' title='bbox 648 2711 694 2774; x_wconf 87' lang='lat' dir='ltr'>vel</span> <span class='ocrx_word' id='word_1_198' title='bbox 710 2725 784 2790; x_wconf 87' lang='lat' dir='ltr'>agro</span> <span class='ocrx_word' id='word_1_199' title='bbox 799 2711 879 2773; x_wconf 92' lang='lat' dir='ltr'>intra</span> <span class='ocrx_word' id='word_1_200' title='bbox 894 2719 1014 2789; x_wconf 91' lang='lat' dir='ltr'>tempus</span> <span class='ocrx_word' id='word_1_201' title='bbox 1027 2708 1212 2773; x_wconf 86' lang='lat' dir='ltr'>determina·</span> 
     </span>
     <span class='ocr_line' id='line_1_24' title="bbox 122 2808 1212 2889; baseline -0.001 -16"><span class='ocrx_word' id='word_1_202' title='bbox 122 2818 201 2884; x_wconf 91' lang='lat' dir='ltr'>tum,</span> <span class='ocrx_word' id='word_1_203' title='bbox 222 2809 370 2871; x_wconf 80' lang='lat' dir='ltr'>«etiamsi</span> <span class='ocrx_word' id='word_1_204' title='bbox 385 2809 498 2888; x_wconf 87' lang='lat' dir='ltr'>aliquis</span> <span class='ocrx_word' id='word_1_205' title='bbox 511 2826 546 2872; x_wconf 90' lang='lat' dir='ltr'>ea</span> <span class='ocrx_word' id='word_1_206' title='bbox 561 2808 702 2873; x_wconf 81' lang='lat' dir='ltr'>facultate</span> <span class='ocrx_word' id='word_1_207' title='bbox 718 2808 893 2886; x_wconf 77' lang='lat' dir='ltr'>(adhibendi</span> <span class='ocrx_word' id='word_1_208' title='bbox 912 2809 1084 2889; x_wconf 85' lang='lat' dir='ltr'>pecuniam)</span> <span class='ocrx_word' id='word_1_209' title='bbox 1098 2824 1212 2872; x_wconf 88' lang='lat' dir='ltr'>usurus</span> 
     </span>
     <span class='ocr_line' id='line_1_25' title="bbox 123 2907 1210 2988; baseline 0.002 -18"><span class='ocrx_word' id='word_1_210' title='bbox 123 2908 161 2971; x_wconf 90' lang='lat' dir='ltr'>de</span> <span class='ocrx_word' id='word_1_211' title='bbox 177 2907 257 2971; x_wconf 90' lang='lat' dir='ltr'>lacto</span> <span class='ocrx_word' id='word_1_212' title='bbox 272 2924 333 2971; x_wconf 94' lang='lat' dir='ltr'>non</span> <span class='ocrx_word' id='word_1_213' title='bbox 348 2915 439 2983; x_wconf 88' lang='lat' dir='ltr'>esset,</span> <span class='ocrx_word' id='word_1_214' title='bbox 456 2923 554 2988; x_wconf 88' lang='lat' dir='ltr'>neque</span> <span class='ocrx_word' id='word_1_215' title='bbox 569 2907 686 2987; x_wconf 84' lang='lat' dir='ltr'>aliquid</span> <span class='ocrx_word' id='word_1_216' title='bbox 707 2908 908 2970; x_wconf 83' lang='lat' dir='ltr'>lucraturus»</span> <span class='ocrx_word' id='word_1_217' title='bbox 926 2909 973 2984; x_wconf 78' lang='lat' dir='ltr'>(a).</span> <span class='ocrx_word' id='word_1_218' title='bbox 991 2907 1078 2971; x_wconf 84' lang='lat' dir='ltr'>Unde</span> <span class='ocrx_word' id='word_1_219' title='bbox 1098 2908 1130 2970; x_wconf 94' lang='lat' dir='ltr'>ln</span> <span class='ocrx_word' id='word_1_220' title='bbox 1155 2909 1210 2972; x_wconf 85' lang='lat' dir='ltr'>tali</span> 
     </span>
     <span class='ocr_line' id='line_1_26' title="bbox 122 3006 1212 3088; baseline 0.001 -19"><span class='ocrx_word' id='word_1_221' title='bbox 122 3007 310 3088; x_wconf 78' lang='lat' dir='ltr'>obligatione</span> <span class='ocrx_word' id='word_1_222' title='bbox 325 3007 508 3087; x_wconf 87' lang='lat' dir='ltr'>supponitur</span> <span class='ocrx_word' id='word_1_223' title='bbox 521 3023 583 3070; x_wconf 95' lang='lat' dir='ltr'>non</span> <span class='ocrx_word' id='word_1_224' title='bbox 598 3007 646 3086; x_wconf 85' lang='lat' dir='ltr'>agi</span> <span class='ocrx_word' id='word_1_225' title='bbox 663 3006 701 3069; x_wconf 87' lang='lat' dir='ltr'>de</span> <span class='ocrx_word' id='word_1_226' title='bbox 716 3006 803 3069; x_wconf 92' lang='lat' dir='ltr'>titulo</span> <span class='ocrx_word' id='word_1_227' title='bbox 819 3006 922 3086; x_wconf 84' lang='lat' dir='ltr'>aliquo</span> <span class='ocrx_word' id='word_1_228' title='bbox 941 3006 1121 3082; x_wconf 85' lang='lat' dir='ltr'>extrinseco,</span> <span class='ocrx_word' id='word_1_229' title='bbox 1137 3015 1212 3087; x_wconf 85' lang='lat' dir='ltr'>puta</span> 
     </span>
     <span class='ocr_line' id='line_1_27' title="bbox 123 3105 1211 3186; baseline 0.001 -17"><span class='ocrx_word' id='word_1_230' title='bbox 123 3107 210 3171; x_wconf 93' lang='lat' dir='ltr'>lucro</span> <span class='ocrx_word' id='word_1_231' title='bbox 225 3115 372 3181; x_wconf 87' lang='lat' dir='ltr'>cessante,</span> <span class='ocrx_word' id='word_1_232' title='bbox 390 3107 482 3170; x_wconf 87' lang='lat' dir='ltr'>etiam</span> <span class='ocrx_word' id='word_1_233' title='bbox 501 3106 534 3168; x_wconf 90' lang='lat' dir='ltr'>in</span> <span class='ocrx_word' id='word_1_234' title='bbox 555 3121 608 3186; x_wconf 90' lang='lat' dir='ltr'>spe</span> <span class='ocrx_word' id='word_1_235' title='bbox 629 3113 744 3168; x_wconf 89' lang='lat' dir='ltr'>remota</span> <span class='ocrx_word' id='word_1_236' title='bbox 762 3122 769 3168; x_wconf 94' lang='lat'>:</span> <span class='ocrx_word' id='word_1_237' title='bbox 786 3115 821 3168; x_wconf 89' lang='lat' dir='ltr'>ut</span> <span class='ocrx_word' id='word_1_238' title='bbox 834 3105 861 3167; x_wconf 92' lang='lat' dir='ltr'>si</span> <span class='ocrx_word' id='word_1_239' title='bbox 876 3105 1017 3179; x_wconf 84' lang='lat' dir='ltr'>creditor,</span> <span class='ocrx_word' id='word_1_240' title='bbox 1034 3114 1103 3168; x_wconf 92' lang='lat' dir='ltr'>actu</span> <span class='ocrx_word' id='word_1_241' title='bbox 1117 3121 1211 3186; x_wconf 91' lang='lat' dir='ltr'>pecu·</span> 
     </span>
     <span class='ocr_line' id='line_1_28' title="bbox 124 3202 1211 3276; baseline 0 -10"><span class='ocrx_word' id='word_1_242' title='bbox 124 3205 207 3267; x_wconf 90' lang='lat' dir='ltr'>niam</span> <span class='ocrx_word' id='word_1_243' title='bbox 233 3204 312 3267; x_wconf 89' lang='lat' dir='ltr'>hanc</span> <span class='ocrx_word' id='word_1_244' title='bbox 339 3203 457 3267; x_wconf 87' lang='lat' dir='ltr'>lucrose</span> <span class='ocrx_word' id='word_1_245' title='bbox 478 3202 621 3267; x_wconf 86' lang='lat' dir='ltr'>adbibere</span> <span class='ocrx_word' id='word_1_246' title='bbox 642 3218 704 3266; x_wconf 95' lang='lat' dir='ltr'>non</span> <span class='ocrx_word' id='word_1_247' title='bbox 727 3202 899 3276; x_wconf 85' lang='lat' dir='ltr'>intendens,</span> <span class='ocrx_word' id='word_1_248' title='bbox 917 3202 1007 3265; x_wconf 87' lang='lat' dir='ltr'>vellet</span> <span class='ocrx_word' id='word_1_249' title='bbox 1027 3211 1129 3266; x_wconf 91' lang='lat' dir='ltr'>tamen</span> <span class='ocrx_word' id='word_1_250' title='bbox 1150 3203 1211 3268; x_wconf 90' lang='lat' dir='ltr'>sibi</span> 
     </span>
     <span class='ocr_line' id='line_1_29' title="bbox 124 3301 1213 3383; baseline 0 -16"><span class='ocrx_word' id='word_1_251' title='bbox 124 3318 278 3367; x_wconf 76' lang='lat' dir='ltr'>reservare</span> <span class='ocrx_word' id='word_1_252' title='bbox 293 3301 466 3366; x_wconf 86' lang='lat' dir='ltr'>facultatem</span> <span class='ocrx_word' id='word_1_253' title='bbox 482 3319 538 3383; x_wconf 93' lang='lat' dir='ltr'>pro</span> <span class='ocrx_word' id='word_1_254' title='bbox 553 3302 704 3380; x_wconf 78' lang='lat' dir='ltr'>adiunctis</span> <span class='ocrx_word' id='word_1_255' title='bbox 719 3318 806 3366; x_wconf 89' lang='lat' dir='ltr'>suam</span> <span class='ocrx_word' id='word_1_256' title='bbox 822 3303 1007 3367; x_wconf 91' lang='lat' dir='ltr'>voluntatem</span> <span class='ocrx_word' id='word_1_257' title='bbox 1028 3301 1165 3367; x_wconf 87' lang='lat' dir='ltr'>mutandi</span> <span class='ocrx_word' id='word_1_258' title='bbox 1182 3311 1213 3367; x_wconf 89' lang='lat' dir='ltr'>et</span> 
     </span>
     <span class='ocr_line' id='line_1_30' title="bbox 124 3399 1212 3481; baseline 0.001 -17"><span class='ocrx_word' id='word_1_259' title='bbox 124 3399 363 3464; x_wconf 87' lang='lat' dir='ltr'>extraordinaria</span> <span class='ocrx_word' id='word_1_260' title='bbox 392 3401 617 3481; x_wconf 90' lang='lat' dir='ltr'>opportunitate</span> <span class='ocrx_word' id='word_1_261' title='bbox 646 3401 722 3464; x_wconf 88' lang='lat' dir='ltr'>lucrl</span> <span class='ocrx_word' id='word_1_262' title='bbox 747 3400 849 3464; x_wconf 90' lang='lat' dir='ltr'>oblata</span> <span class='ocrx_word' id='word_1_263' title='bbox 874 3400 994 3478; x_wconf 88' lang='lat' dir='ltr'>utendi;</span> <span class='ocrx_word' id='word_1_264' title='bbox 1021 3407 1075 3463; x_wconf 91' lang='lat' dir='ltr'>aut</span> <span class='ocrx_word' id='word_1_265' title='bbox 1098 3400 1212 3465; x_wconf 90' lang='lat' dir='ltr'>damno</span> 
     </span>
     <span class='ocr_line' id='line_1_31' title="bbox 124 3499 1214 3581; baseline -0.002 -16"><span class='ocrx_word' id='word_1_266' title='bbox 124 3507 297 3581; x_wconf 88' lang='lat' dir='ltr'>emergente</span> <span class='ocrx_word' id='word_1_267' title='bbox 319 3501 389 3580; x_wconf 93' lang='lat' dir='ltr'>plus</span> <span class='ocrx_word' id='word_1_268' title='bbox 410 3500 550 3563; x_wconf 86' lang='lat' dir='ltr'>minusve</span> <span class='ocrx_word' id='word_1_269' title='bbox 570 3499 734 3581; x_wconf 88' lang='lat' dir='ltr'>probabili,</span> <span class='ocrx_word' id='word_1_270' title='bbox 752 3500 845 3580; x_wconf 85' lang='lat' dir='ltr'>quod,</span> <span class='ocrx_word' id='word_1_271' title='bbox 866 3507 979 3563; x_wconf 89' lang='lat' dir='ltr'>attenta</span> <span class='ocrx_word' id='word_1_272' title='bbox 1001 3499 1214 3563; x_wconf 84' lang='lat' dir='ltr'>vicissitudine</span> 
     </span>
     <span class='ocr_line' id='line_1_32' title="bbox 125 3596 1209 3678; baseline 0 -18"><span class='ocrx_word' id='word_1_273' title='bbox 125 3613 227 3660; x_wconf 89' lang='lat' dir='ltr'>rerum</span> <span class='ocrx_word' id='word_1_274' title='bbox 248 3613 284 3661; x_wconf 86' lang='lat' dir='ltr'>ex</span> <span class='ocrx_word' id='word_1_275' title='bbox 306 3596 474 3676; x_wconf 87' lang='lat' dir='ltr'>privatione</span> <span class='ocrx_word' id='word_1_276' title='bbox 496 3597 639 3660; x_wconf 86' lang='lat' dir='ltr'>diuturna</span> <span class='ocrx_word' id='word_1_277' title='bbox 663 3597 809 3678; x_wconf 86' lang='lat' dir='ltr'>pecuniae</span> <span class='ocrx_word' id='word_1_278' title='bbox 836 3597 991 3672; x_wconf 90' lang='lat' dir='ltr'>notabilis,</span> <span class='ocrx_word' id='word_1_279' title='bbox 1016 3613 1107 3677; x_wconf 89' lang='lat' dir='ltr'>saepe</span> <span class='ocrx_word' id='word_1_280' title='bbox 1127 3596 1209 3660; x_wconf 87' lang='lat' dir='ltr'>baud</span> 
     </span>
     <span class='ocr_line' id='line_1_33' title="bbox 125 3695 488 3760; baseline -0.003 -1"><span class='ocrx_word' id='word_1_281' title='bbox 125 3696 278 3760; x_wconf 91' lang='lat' dir='ltr'>immerito</span> <span class='ocrx_word' id='word_1_282' title='bbox 295 3695 488 3760; x_wconf 82' lang='lat' dir='ltr'>formidatur.</span> 
     </span>
    </p>
   </div>
   <div class='ocr_carea' id='block_1_3' title="bbox 126 3892 1213 4141">
    <p class='ocr_par' dir='ltr' id='par_1_5' title="bbox 126 3892 1213 4141">
     <span class='ocr_line' id='line_1_34' title="bbox 126 3892 1213 3962; baseline -0.002 -12"><span class='ocrx_word' id='word_1_283' title='bbox 126 3894 320 3962; x_wconf 80' lang='lat' dir='ltr'>obligationem</span> <span class='ocrx_word' id='word_1_284' title='bbox 343 3895 494 3951; x_wconf 85' lang='lat' dir='ltr'>mutuantis</span> <span class='ocrx_word' id='word_1_285' title='bbox 515 3893 686 3959; x_wconf 86' lang='lat' dir='ltr'>compensari</span> <span class='ocrx_word' id='word_1_286' title='bbox 709 3892 876 3959; x_wconf 82' lang='lat' dir='ltr'>obligatione</span> <span class='ocrx_word' id='word_1_287' title='bbox 897 3892 1021 3960; x_wconf 78' lang='lat' dir='ltr'>sequenti</span> <span class='ocrx_word' id='word_1_288' title='bbox 1050 3892 1213 3948; x_wconf 83' lang='lat' dir='ltr'>mutuatarii</span> 
     </span>
     <span class='ocr_line' id='line_1_35' title="bbox 126 3973 1211 4044; baseline -0.004 -11"><span class='ocrx_word' id='word_1_289' title='bbox 126 3990 181 4033; x_wconf 91' lang='lat' dir='ltr'>non</span> <span class='ocrx_word' id='word_1_290' title='bbox 192 3976 247 4043; x_wconf 84' lang='lat' dir='ltr'>iam</span> <span class='ocrx_word' id='word_1_291' title='bbox 258 3977 373 4044; x_wconf 86' lang='lat' dir='ltr'>pecunia</span> <span class='ocrx_word' id='word_1_292' title='bbox 384 3976 489 4033; x_wconf 88' lang='lat' dir='ltr'>utendi.</span> <span class='ocrx_word' id='word_1_293' title='bbox 503 3976 556 4033; x_wconf 79' lang='lat' dir='ltr'>Cur</span> <span class='ocrx_word' id='word_1_294' title='bbox 567 3989 634 4041; x_wconf 92' lang='lat' dir='ltr'>ergo</span> <span class='ocrx_word' id='word_1_295' title='bbox 645 3973 776 4040; x_wconf 78' lang='lat' dir='ltr'>obligatio</span> <span class='ocrx_word' id='word_1_296' title='bbox 794 3973 909 4030; x_wconf 76' lang='lat' dir='ltr'>locastis</span> <span class='ocrx_word' id='word_1_297' title='bbox 920 3987 976 4030; x_wconf 92' lang='lat' dir='ltr'>non</span> <span class='ocrx_word' id='word_1_298' title='bbox 986 3978 1211 4041; x_wconf 84' lang='lat' dir='ltr'>compensaretur</span> 
     </span>
     <span class='ocr_line' id='line_1_36' title="bbox 126 4054 1053 4141; baseline -0.004 -27"><span class='ocrx_word' id='word_1_299' title='bbox 126 4058 293 4125; x_wconf 88' lang='lat' dir='ltr'>obligatione</span> <span class='ocrx_word' id='word_1_300' title='bbox 305 4058 450 4125; x_wconf 83' lang='lat' dir='ltr'>posteriori</span> <span class='ocrx_word' id='word_1_301' title='bbox 463 4072 497 4114; x_wconf 88' lang='lat' dir='ltr'>ex</span> <span class='ocrx_word' id='word_1_302' title='bbox 510 4060 586 4124; x_wconf 86' lang='lat' dir='ltr'>parte</span> <span class='ocrx_word' id='word_1_303' title='bbox 597 4057 719 4113; x_wconf 85' lang='lat' dir='ltr'>locataril</span> <span class='ocrx_word' id='word_1_304' title='bbox 731 4055 852 4123; x_wconf 87' lang='lat' dir='ltr'>uoniam</span> <span class='ocrx_word' id='word_1_305' title='bbox 863 4070 929 4141; x_wconf 90' lang='lat' dir='ltr'>agro</span> <span class='ocrx_word' id='word_1_306' title='bbox 940 4054 1053 4112; x_wconf 86' lang='lat' dir='ltr'>ulendlt</span> 
     </span>
    </p>
   </div>
   <div class='ocr_carea' id='block_1_4' title="bbox 158 4139 447 4282">
    <p class='ocr_par' dir='ltr' id='par_1_6' title="bbox 158 4139 447 4282">
     <span class='ocr_line' id='line_1_37' title="bbox 158 4139 418 4208; baseline 0 -12"><span class='ocrx_word' id='word_1_307' title='bbox 158 4141 192 4204; x_wconf 80' lang='lat' dir='ltr'>(lt</span> <span class='ocrx_word' id='word_1_308' title='bbox 210 4140 247 4197; x_wconf 80' lang='lat' dir='ltr'>(ll.</span> <span class='ocrx_word' id='word_1_309' title='bbox 259 4142 306 4206; x_wconf 75' lang='lat' dir='ltr'>ib..</span> <span class='ocrx_word' id='word_1_310' title='bbox 320 4156 345 4208; x_wconf 94' lang='lat' dir='ltr'>p.</span> <span class='ocrx_word' id='word_1_311' title='bbox 360 4139 418 4196; x_wconf 70' lang='lat'><strong>625.</strong></span> 
     </span>
     <span class='ocr_line' id='line_1_38' title="bbox 160 4212 447 4282; baseline 0 -13"><span class='ocrx_word' id='word_1_312' title='bbox 160 4212 447 4282; x_wconf 51' lang='lat' dir='ltr'>&amp;mmmmm</span> 
     </span>
    </p>
   </div>
   <div class='ocr_carea' id='block_1_5' title="bbox 0 0 1634 4959">
    <p class='ocr_par' dir='ltr' id='par_1_7' title="bbox 0 0 1634 4959">
     <span class='ocr_line' id='line_1_39' title="bbox 0 0 1634 4959; baseline 0 0"><span class='ocrx_word' id='word_1_313' title='bbox 0 0 1634 4959; x_wconf 95' lang='lat' dir='ltr'> </span> 
     </span>
    </p>
   </div>
  </div>
 </body>
</html>
