3242 4959
419 450 458 515 32
864 468 936 513 rans
958 468 1054 512 rnron.

417 632 570 695 nescimus
583 649 621 695 an
636 649 671 695 eo
684 648 780 710 usque
793 632 927 709 aliquem
943 640 1032 694 nacta
1043 631 1082 693 sit
1094 638 1361 710 propugnatorem.
1376 630 1519 708 Insuper

416 730 524 793 modus
535 730 826 810 quodeiendebatur
837 730 955 809 origine
966 729 1346 792 eratcalvinianuszusum
1356 728 1519 807 pecuniae

416 834 650 915 propugnabant
665 850 682 895 a
698 832 931 912 consumptione
946 831 1136 905 distinctum,
1150 830 1285 910 adeoque
1301 830 1397 910 pretio
1414 830 1513 892 aesti·
1610 835 1611 930 p

415 934 561 996 mabilem
580 940 609 995 et
624 932 825 1007 vendibilem;
842 940 872 993 et
889 932 979 994 simul
999 931 1214 993 alienationem
1231 928 1359 993 dominii
1379 928 1411 990 in
1429 944 1511 991 con·
1610 933 1611 984 l

415 1031 619 1095 tractumutui
628 1030 790 1115 negabant.
801 1030 843 1092 ita
855 1037 889 1091 ut
900 1037 1039 1093 mutuum
1051 1029 1248 1093 lucratorium
1259 1028 1298 1093 ad
1312 1036 1513 1092 contractum
1610 1029 1611 1114 l

416 1130 577 1193 locationis
591 1128 779 1192 reducerent.
798 1130 843 1191 lta
858 1146 893 1191 en
903 1130 977 1207 jure
991 1128 1132 1190 naturali
1146 1127 1345 1191 desumebant
1366 1134 1509 1190 contrac-
1610 1117 1611 1148 ³

415 1237 479 1291 turn
501 1230 598 1291 mutui
620 1228 657 1292 de
677 1245 786 1292 senon
807 1244 874 1291 esse
895 1228 1073 1308 gratuitum.
1091 1226 1143 1290 sed
1159 1235 1277 1289 tantum
1292 1243 1347 1306 per
1361 1226 1516 1289 accidens
1610 1237 1611 1308 t

416 1335 495 1390 etex
510 1328 666 1390 charitate.
683 1328 741 1391 Jos
766 1343 834 1389 vero
857 1325 1008 1399 diuinum,
1026 1325 1107 1405 quod
1123 1343 1159 1387 en
1174 1326 1329 1406 Scriptura
1344 1332 1374 1387 et
1393 1325 1508 1387 Tradi-
1610 1313 1611 1322 ’

414 1427 496 1491 tione
523 1428 726 1505 requirebant.
759 1434 788 1489 et
813 1424 895 1505 quod
921 1442 956 1487 ex
982 1424 1135 1487 communi
1166 1433 1238 1487 tunc
1266 1440 1415 1487 consensu
1441 1424 1513 1486 bue
1610 1429 1611 1484 l

415 1530 550 1605 speciano
566 1525 775 1597 admittebant,
794 1524 826 1586 in
843 1524 1015 1587 subsidium
1027 1532 1059 1585 et
1072 1523 1282 1603 probationem
1298 1540 1370 1586 suae
1383 1524 1515 1585 tbeseos
1610 1549 1611 1552 ¹

414 1624 555 1686 invocare
570 1640 632 1686 non
647 1622 837 1686 dubitabant.
856 1624 947 1685 Vetus
962 1630 991 1685 et
1006 1623 1124 1684 Novum
1139 1623 1376 1695 Testamentum,
1395 1623 1425 1685 S.
1442 1623 1506 1684 Pa·
1610 1621 1611 1656 l

415 1730 486 1796 tres
509 1721 627 1785 decreta
648 1722 859 1796 conciliorum,
883 1723 945 1785 imo
970 1722 1053 1801 ipsos
1074 1737 1303 1800 nonnumquam
1325 1721 1511 1784 scolasticos

414 1820 451 1884 ad
468 1822 549 1884 hunc
564 1833 742 1901 conceptum
758 1820 915 1885 deflectere
935 1820 1123 1883 conabantur
1140 1836 1147 1882 :
1165 1836 1274 1882 usurae
1295 1820 1419 1882 nomine
1440 1836 1510 1883 non
1610 1815 1611 1910 l

414 1920 570 2000 prohiberi
597 1919 698 1983 ioenus
726 1920 770 1982 vel
802 1920 919 1983 lucrum
951 1919 1092 1999 quodvis,
1120 1919 1180 1980 nisi
1209 1917 1443 1981 immoderatum
1472 1928 1506 1982 et
1610 1923 1611 1926 ’

413 2035 511 2080 uorqc
526 2020 572 2094 (t).
590 2017 724 2081 Tandem
740 2019 845 2081 titulos
862 2018 936 2081 lucri
952 2018 1117 2099 legitimos,
1132 2024 1304 2079 contractus
1319 2017 1397 2079 alios
1412 2033 1505 2097 prae·

414 2124 460 2180 ter
490 2124 629 2179 mutuum
655 2128 720 2180 turn
745 2133 906 2198 expressos
932 2124 997 2179 tum
1023 2117 1189 2196 implicitos
1219 2115 1410 2191 invocabant,
1438 2117 1510 2179 imo
1610 2119 1611 2162 l

413 2215 515 2297 ipsum
532 2216 653 2278 titulum
670 2216 798 2295 legalem
815 2232 907 2295 quem
923 2232 939 2278 e
954 2217 1137 2279 caesarismo
1153 2222 1259 2277 natum
1274 2214 1418 2279 vidimus.

455 2319 501 2381 En
516 2334 636 2381 summa
651 2318 804 2381 doctrinae
821 2318 920 2397 capita
934 2317 1213 2395 utrimqueacriter
1227 2321 1438 2396 propugnata!

454 2418 498 2479 En
523 2425 609 2498 parte
634 2417 819 2478 severiorum
846 2415 1000 2495 imprimis
1025 2414 1149 2478 notandi
1180 2415 1307 2478 ueniunt
1338 2415 1509 2494 episcopus
1610 2363 1612 2508 y

414 2514 626 2578 schismaticus
649 2516 819 2582 Bnncnnnn.
845 2515 898 2592 qui
921 2514 1080 2593 episcopos
1102 2513 1311 2593 suffraganeos
1325 2529 1509 2576 consecrare
1610 2517 1611 2534 ³

416 2612 525 2683 noluit.
543 2612 602 2674 nisi
623 2612 791 2690 iuraverint
806 2611 918 2674 iisdem
938 2611 1143 2674 contractibus
1165 2628 1198 2673 se
1219 2611 1406 2689 objecturos;
1431 2611 1503 2674 dein

417 2712 531 2773 bannos
555 2719 584 2773 et
606 2711 772 2783 Pannona,
797 2711 850 2789 qui
875 2709 964 2772 ambo
986 2726 1046 2771 una
1071 2725 1140 2772 cum
1166 2708 1246 2772 dicto
1271 2709 1414 2789 episcopo
1440 2726 1506 2771 non
1610 2789 1611 2792 Ἴ

416 2824 511 2897 unum
533 2808 680 2889 scriptum
701 2824 886 2888 anonymum
908 2808 1117 2888 composuisse
1138 2808 1246 2871 merito
1265 2808 1429 2871 creduntur
1446 2810 1503 2886 (υς
1610 2797 1611 2886 f

449 3053 596 3119 (liliaque,
610 3052 673 3108 licet
685 3053 743 3119 ipsa
761 3054 842 3107 thesis
859 3054 894 3110 de
912 3054 1054 3110 identitate
1071 3069 1171 3107 usurae
1188 3069 1250 3110 oum
1269 3055 1392 3110 auctario
1412 3057 1503 3109 voraci
1610 3069 1611 3072 ¹

416 3149 430 3190 a
450 3136 598 3191 calvinistis
616 3136 736 3200 primum
754 3136 790 3190 sit
809 3137 965 3201 proposita,
986 3140 1079 3190 arodus
1099 3139 1190 3191 tamen
1213 3151 1269 3204 quo
1293 3136 1450 3193 defenditur
1468 3151 1502 3193 en
1610 3171 1611 3174 =

416 3218 581 3278 Traditione.
606 3220 634 3272 el
656 3217 817 3272 nominatim
835 3218 997 3283 appellando
1013 3219 1046 3274 ad
1065 3219 1109 3274 SS.
1123 3220 1224 3283 Patres.
1245 3220 1366 3285 primum
1383 3232 1398 3273 a
1415 3219 1500 3286 janse-

416 3300 496 3355 nistis
516 3304 558 3355 est
578 3300 745 3366 propositus.
766 3301 848 3366 atqui
868 3302 980 3356 omnino
999 3305 1111 3357 notetur
1129 3302 1228 3357 thesim
1247 3302 1316 3357 banc
1333 3302 1457 3368 eandem,
1475 3305 1508 3357 et.

416 3384 534 3441 eundem
554 3384 667 3439 modum
688 3384 840 3451 explicandi
861 3384 1055 3450 Traditionem,
1080 3386 1114 3440 ab
1138 3386 1191 3441 boc
1213 3389 1336 3452 ternpore
1358 3384 1501 3452 usquead

416 3466 537 3522 medium
548 3466 604 3523 lere
613 3467 752 3522 saeculum
765 3482 824 3531 nrx,
835 3480 885 3533 per
897 3467 1005 3523 scholas
1016 3468 1163 3523 catholicas
1172 3468 1336 3531 decurrisse,
1347 3469 1402 3523 imo
1415 3482 1502 3536 usque

415 3551 448 3605 ad
459 3554 552 3606 nostra
561 3554 684 3615 tempora
695 3550 843 3617 aliquando
856 3551 982 3616 proponi.
993 3550 1130 3618 Quidquid
1140 3552 1176 3607 sit
1185 3551 1220 3607 de
1229 3551 1287 3617 ipsa
1296 3552 1376 3616 thesi,
1386 3554 1507 3606 obsolute·
1610 3577 1611 3580 ¹

415 3635 455 3690 sic
473 3634 623 3700 proposita,
637 3633 736 3689 modus
749 3634 795 3689 ille
812 3634 996 3690 Traditionem
1008 3634 1172 3700 explicandi,
1185 3635 1262 3701 quasi
1275 3649 1359 3690 usura
1371 3636 1505 3702 intellige·

415 3720 493 3774 retur
509 3717 660 3773 auctarium
680 3731 775 3779 verne.
796 3731 911 3783 prorsus
930 3717 1069 3773 indebitus
1086 3717 1206 3780 videtur.
1222 3722 1250 3774 et
1267 3732 1301 3773 ex
1320 3718 1501 3784 praeiudicata

416 3800 546 3866 opinione
557 3802 645 3861 ortus.
659 3801 690 3855 ut
701 3800 800 3855 merito
812 3802 888 3855 notat
905 3801 980 3855 Funn
997 3801 1093 3865 (Sciptb
1109 3800 1205 3865 Maffet'
1219 3802 1275 3853 und
1291 3803 1340 3853 dus
1357 3801 1505 3855 lttrcbltcbe

416 3884 582 3946 Zinoverbot,
593 3884 621 3937 in
638 3883 822 3950 leolopitcbe
833 3882 1137 3948 thrtoltelrrift,18'l9,
1149 3898 1176 3949 p.
1186 3882 1220 3939 36
1230 3884 1277 3949 a.l;
1288 3883 1361 3950 quod
1371 3886 1398 3939 et
1408 3884 1504 3949 probat

417 3966 476 4019 tum
493 3966 522 4020 in
538 3964 655 4020 articulo
675 3984 681 4020 :
701 3966 768 4018 Zeita
783 3969 838 4019 und
860 3966 978 4019 Wucber
992 3968 1031 4018 int
1047 3965 1219 4019 christlicben
1237 3965 1402 4028 Altertburn,
1421 3967 1503 4026 Ibid..

417 4045 491 4111 1875,
506 4063 533 4113 p.
549 4048 668 4112 ild-illd
687 4051 747 4104 ium
765 4049 793 4104 in
811 4062 895 4115 opere
912 4049 994 4105 citato
1009 4049 1164 4104 Gesciz‘ebte
1181 4052 1227 4103 des
1244 4050 1409 4103 tirobltcben
1425 4051 1502 4103 Zina-

419 4133 538 4184 veriores
549 4132 678 4198 (passim).

450 4212 484 4276 (i)
501 4212 595 4269 Omnia
608 4212 664 4270 iere
675 4214 776 4281 scripta
789 4215 817 4271 in
829 4214 1077 4271 haccontrouersia
1094 4216 1159 4270 sunt
1170 4214 1212 4271 vel
1224 4229 1359 4282 anonyma
1369 4215 1412 4273 vel
1424 4229 1504 4283 pseu·
