3242 4959
383 477 386 482 ·
410 475 475 522 car.
499 476 521 522 r.
545 475 677 522 msronn
699 432 947 529 outnsnonha'ss·
990 477 1142 554 Ψ
1154 451 1194 520 83

929 536 998 554 Ἃ,-

86 656 170 728 ..non
184 641 317 705 otiosum
332 641 389 704 erit
400 639 548 720 quasdam
562 638 774 705 conclusiones
785 637 921 720 prolerre
932 653 1009 718 quae
1020 653 1056 700 er
1067 635 1194 702 historia

98 739 297 828 quaestionis
320 740 477 818 hucusque
498 739 635 820 exposita
659 739 785 802 omnino
811 736 1016 800 admittendae
1042 735 1192 800 videntur.

96 839 254 920 'Theologi
276 846 381 926 autem
405 839 537 902 viderint
561 854 711 919 quaenam
737 838 881 901 ulteriora
905 852 942 899 ex
963 836 1047 899 hisce
1072 835 1195 899 conclu·

92 939 248 1002 sionibus
263 938 321 1003 sibi
338 937 515 1011 deducenda
530 937 602 1001 sint.
967 927 971 935 ’

83 1099 85 1103 .
149 1038 181 1100 1⁰
203 1037 361 1117 Imprimis
386 1053 495 1118 operae
524 1037 655 1118 pretium
683 1043 730 1099 est
758 1035 945 1116 distinguere
971 1033 1050 1096 inter
1077 1031 1195 1112 praxim

85 1135 244 1215 aliquam
260 1135 338 1200 vitae
354 1136 570 1212 oeconomicae,
585 1136 648 1199 sive
663 1135 703 1198 sit
717 1135 910 1216 particularis
925 1133 989 1196 sive
1000 1129 1192 1205 universalis,
1271 1213 1273 1218 Ι

94 1241 135 1298 et
150 1235 305 1316 principia
320 1234 561 1298 fundamentalia
574 1235 686 1313 quibus
697 1234 759 1297 vita
770 1233 957 1296 oeconomica
971 1231 1095 1311 regitur.
1110 1229 1196 1294 Prin·

94 1332 188 1413 »eipia
204 1333 288 1397 enim
303 1350 355 1397 sen
376 1333 459 1412 leges
478 1333 655 1396 essentiales
675 1331 898 1412 productionis,
916 1328 1149 1402 distributionis,
1167 1336 1197 1390 et

102 1431 317 1505 circulationis
339 1431 501 1505 bonorum,
526 1438 559 1494 ut
579 1431 693 1511 optime
718 1430 851 1494 ostendit
876 1431 911 1492 P.
935 1428 1036 1491 Weiss
1058 1429 1104 1504 (t),
1130 1441 1196 1489 esse

101 1529 221 1595 debent
236 1530 455 1608 immutabilia;
472 1530 670 1594 accidentalis
685 1540 786 1593 autem
801 1536 848 1592 est
867 1529 1003 1608 ipsorum
1018 1525 1193 1606 applicatio,

95 1645 179 1692 rcum
195 1628 325 1708 pendeat
340 1630 378 1693 ab
394 1629 545 1708 adiunctis
560 1640 729 1709 temporum
742 1637 770 1691 et
782 1629 930 1692 locorum.
945 1627 1056 1691 Parum
1068 1623 1195 1704 proinde

98 1729 235 1791 ,interest
250 1739 363 1804 mmm,
380 1729 412 1792 in
428 1746 501 1792 casu
522 1729 744 1809 specialissimo
765 1727 912 1808 pecuniae
934 1725 1076 1800 creditae,
1092 1723 1195 1787 hodie-

96 1826 183 1889 ⁴dum
196 1827 276 1904 juste
292 1827 382 1890 liceat
395 1827 540 1890 omnibus
555 1827 756 1890 creditoribus
770 1825 871 1888 foenus
887 1824 1035 1904 accipere,
1049 1823 1122 1887 dum
1134 1837 1196 1884 non

108 1927 153 1989 ita
166 1926 333 1989 universim
353 1942 408 2007 per
426 1932 549 1990 saecuta
570 1933 705 1989 anteacta
729 1925 856 1988 licuerit.
880 1925 1011 1986 Econtra
1028 1921 1196 2002 plurimum

109 2025 235 2087 interest
250 2025 328 2088 scire
340 2024 451 2103 ortibus
462 2041 498 2087 ex
509 2024 670 2105 principiis
681 2023 755 2087 olim
764 2023 880 2101 justum
891 2039 928 2086 ex
939 2021 1067 2103 pecunia
1079 2019 1196 2084 lucrum

94 2123 321 2200 iudicaverint.

151 2224 190 2286 Et
210 2221 289 2296 ideo,
312 2223 473 2286 historiam
495 2223 717 2286 controversiae
741 2222 917 2285 nullatenus
943 2220 975 2282 in
1000 2221 1081 2284 hunc
1106 2221 1196 2282 linem

103 2321 253 2396 teximus,
270 2329 303 2383 nt
318 2322 519 2402 perspiciatur
534 2321 714 2401 quomodoa
729 2320 846 2384 fmnore
864 2320 939 2382 olim
954 2337 1027 2381 roro
1042 2329 1194 2399 percepto,

27 2483 31 2493 ,
110 2419 233 2482 tandem
248 2419 369 2482 saeculo
384 2420 457 2483 lllll
478 2428 616 2483 currente
637 2419 675 2482 ad
696 2419 799 2482 loenus
821 2417 993 2481 universale
1014 2417 1052 2479 sit
1073 2433 1196 2497 perven-

92 2526 192 2604 3tum;
225 2517 306 2597 quod
340 2518 464 2597 quidem
493 2518 642 2580 intentum
671 2518 767 2598 gratis
795 2523 1054 2598 praesupponeret
1081 2515 1195 2578 lactum

106 2615 289 2678 historicum
310 2633 466 2696 sequens:
484 2617 559 2680 olim
579 2614 666 2676 nollo
687 2614 783 2678 inisse
803 2624 939 2694 tempora
960 2613 1006 2677 vel
1029 2613 1106 2688 loca,
1130 2613 1194 2688 uhi,

112 2715 172 2776 vita
187 2715 373 2778 oeconomica
388 2715 597 2778 intensissima
611 2713 702 2788 iacta,
719 2713 831 2788 ioenus,
849 2712 969 2793 legibus
981 2711 1120 2792 positivis
1135 2727 1197 2774 non

98 2813 314 2888 obstantibus,
325 2813 412 2892 quasi
425 2814 463 2876 ab
476 2813 627 2876 universis
638 2812 763 2876 honeste
774 2820 950 2893 perceptum
963 2811 1013 2873 sit.
1025 2811 1065 2873 At
1076 2818 1197 2874 econtra

105 2927 173 2973 non
185 2911 307 2974 difficile
318 2921 398 2975 esset
408 2912 553 2974 historice
565 2910 704 2992 probare,
718 2909 789 2973 inde
801 2926 819 2972 a
831 2909 951 2972 saeculo
963 2909 1043 2984 XVl,
1058 2909 1197 2988 regiones

114 3009 156 3070 vel
173 3009 264 3072 urbes
278 3010 430 3073 exstitisse
447 3026 538 3089 quam
554 3009 703 3090 plurimas
718 3009 770 3072 ubi
793 3007 887 3071 ferme
909 3023 1015 3070 omnes
1035 3006 1196 3069 honestum

111 3123 131 3168 e
144 3108 271 3186 pecunia
285 3108 407 3171 lucrum
422 3108 559 3171 iecerint.

153 3207 263 3269 Verum
286 3207 318 3268 iu
339 3207 421 3270 hunc
443 3207 545 3286 potius
567 3207 659 3269 linem
679 3206 807 3270 historia
829 3205 1050 3269 controversiae
1072 3205 1197 3267 omnino

107 3314 175 3368 erat
194 3306 387 3384 delineanda,
402 3315 436 3369 ut
451 3306 653 3386 perspiciatur
666 3306 820 3370 undenam
831 3305 993 3386 principio
1003 3322 1081 3385 quae
1095 3306 1200 3370 hodie-

113 3403 185 3468 dum
213 3405 468 3469 circumferuntur
496 3406 558 3468 sint
586 3415 662 3483 orta,
677 3448 679 3453 -
697 3415 725 3470 et
755 3420 958 3486 quorumnam
987 3405 1044 3468 sub
1062 3472 1063 3476 ,
1081 3407 1197 3470 inlluxu

108 3503 241 3566 evoluta.

154 3602 244 3681 Atqui
260 3603 293 3665 2⁰
308 3601 549 3666 fundamentalia
562 3603 724 3683 principia,
742 3602 854 3682 quibus
870 3603 997 3666 scientia
1011 3604 1197 3666 oeconomica

110 3700 340 3764 scolasticorum
355 3700 517 3777 nitebatur,
537 3701 663 3764 firmiter
677 3717 695 3762 a
713 3701 862 3780 theologis
878 3700 1046 3775 catholicis,
1070 3701 1101 3762 ni
1117 3699 1195 3763 lalli-

118 3810 191 3876 mur,
222 3799 360 3862 unanimi
390 3798 453 3863 lere
481 3816 632 3862 consensu
660 3800 840 3862 tenebantur
864 3815 960 3878 usque
989 3797 1027 3860 ad
1060 3807 1196 3878 tempora

144 4049 182 4125 Ι(1)
197 4050 234 4107 Cf.
246 4053 277 4106 Α.
291 4052 391 4119 Wmss,
403 4053 531 4119 Apotopie
542 4056 578 4107 du
592 4055 794 4109 Christianum
806 4070 841 4122 ou
853 4057 926 4120 point
937 4058 969 4109 de
980 4069 1029 4108 oue
1040 4027 1197 4112 des'ntoeurs

114 4134 147 4274 {l
160 4135 410 4272 {gpwpgcgmmlm
428 4135 506 4200 (trad.
520 4135 635 4200 Coram),
649 4137 680 4201 ll,
694 4151 722 4202 p.
735 4135 852 4191 motta
872 4135 908 4192 Cl.
924 4137 953 4192 it.
967 4136 1088 4203 hunnus,
1107 4153 1148 4204 op.
1162 4155 1197 4204 o,
