3242 4959
458 432 521 477 car.
539 433 571 476 11.
588 433 626 478 us
641 433 804 480 courmmu
820 432 945 478 susurru.
1183 413 1244 478 ier

158 611 227 660 oum
249 611 323 660 usus
344 595 502 676 pecuniae,
518 596 572 675 qul
594 596 776 676 supponitur
796 595 941 660 tribuenti
963 611 1025 660 nou
1043 595 1163 673 adesse,
1180 612 1243 662 uon

157 694 196 757 sit
212 703 330 774 praeter
347 693 445 774 ipsam
460 693 621 774 pecuniam
636 693 847 769 aestimabilis,
864 710 932 758 cum
951 694 1076 775 insuper
1097 694 1243 776 obligatio

157 792 212 856 illa
227 792 347 858 nullum
361 807 438 856 uuus
454 791 635 871 objectivum
654 791 766 856 inferre
789 800 989 874 supponatur,
1006 793 1129 857 uounisi
1151 811 1243 874 pecu-

157 891 226 954 niae
246 890 416 954 substantla
437 889 663 970 compensanda
682 899 738 956 est.
763 891 849 955 Unde
873 901 934 955 tota
956 891 1117 956 difficultas
1142 892 1243 972 quoad

157 997 308 1065 mutuum,
329 1006 347 1052 a
365 988 454 1053 Card.
480 989 515 1054 de
542 991 626 1070 Lugo
648 990 812 1065 adstructa,
834 991 932 1054 oritur
953 1008 989 1054 ex
1011 991 1242 1071 praesupposlto

157 1087 239 1168 quod
262 1088 435 1168 negandum
452 1096 498 1151 est
521 1105 528 1150 :
551 1087 717 1152 carentiam
739 1089 885 1170 pecuniae
910 1089 941 1150 iu
963 1105 1036 1152 casu
1056 1105 1123 1152 esse
1144 1090 1241 1170 pretio

157 1186 391 1251 aestimabilem.

199 1287 288 1359 Dein,
305 1286 379 1367 quid
395 1286 431 1350 de
447 1285 631 1367 obligatione
646 1301 753 1365 agrum
769 1303 830 1349 non
845 1287 984 1351 colendi?
1005 1287 1115 1367 Utique
1134 1287 1243 1352 admit·

157 1385 284 1450 tendum
299 1394 356 1461 est,
373 1403 445 1450 casu
460 1386 541 1462 dato,
555 1387 685 1467 pretium
700 1387 796 1468 accipi
812 1404 914 1468 posse,
930 1396 959 1451 et
975 1388 1098 1467 quidem
1111 1391 1242 1469 pretium

157 1484 318 1550 locationis
330 1486 414 1567 ¹agri;
437 1485 489 1549 sed
512 1485 685 1566 negandum
707 1494 753 1549 est
773 1485 905 1566 pretium
926 1485 992 1548 dari
1012 1485 1185 1564 formaliter
1205 1487 1241 1550 ob

157 1585 249 1648 talem
265 1585 481 1666 obligationem
498 1591 681 1664 susceptam.
699 1586 812 1648 lterum
827 1585 973 1665 obligatio
988 1601 1049 1664 qua
1063 1601 1141 1650 ouus
1160 1603 1242 1651 mere

157 1683 370 1761 subjectivum.
388 1683 472 1746 nullo
485 1683 580 1762 pretio
596 1691 641 1746 est
658 1683 875 1758 aestimabilis;
893 1683 947 1747 sed
962 1699 1032 1748 cum
1047 1683 1123 1748 ferat
1136 1685 1169 1747 in
1183 1686 1241 1751 hoc

157 1783 295 1862 praecise
319 1781 481 1861 objectum,
509 1797 617 1861 nempe
642 1797 762 1862 agrum,
788 1781 869 1861 quod
893 1782 1005 1845 habeat
1025 1783 1057 1846 iu
1079 1800 1112 1846 se
1136 1799 1242 1847 verum

156 1897 246 1945 usum
268 1880 365 1960 pretio
387 1880 620 1956 aestimabilem,
644 1881 777 1944 assumis
798 1880 1018 1960 obligationem
1040 1881 1162 1946 carendi
1184 1898 1242 1946 usu

156 1978 261 2058 aliquo
274 1996 393 2060 semper
407 1978 611 2059 appretiabili,
629 1979 747 2042 etiamsi
765 1978 821 2040 tibi
836 1978 873 2042 de
895 1977 973 2042 facto
995 1979 1034 2044 ob
1057 1979 1243 2044 voluntatem

156 2087 241 2142 tuam
267 2094 328 2142 uon
352 2077 526 2158 profuisset.
557 2077 643 2142 Unde
664 2086 733 2158 post
755 2086 875 2158 tempus
900 2078 993 2142 debes
1019 2079 1244 2160 reciperatum

156 2190 263 2256 agrum
276 2184 340 2238 turn
354 2176 479 2256 insuper
489 2175 621 2256 pretium
634 2192 719 2239 usus.
733 2177 770 2239 Et
782 2176 905 2256 quidem
920 2176 1031 2256 inipso
1045 2192 1117 2239 casu
1129 2177 1239 2256 posito,

156 2273 340 2337 assumendo
352 2273 568 2355 obligationem
581 2274 613 2335 in
625 2275 751 2338 alterius
763 2275 905 2355 gratiam,
919 2274 1128 2354 supponitur«
1142 2273 1197 2336 boc
1208 2274 1243 2336 in

156 2373 221 2452 ejus
243 2371 409 2435 utilitatem
434 2371 536 2434 cedere
554 2395 581 2435 1.
605 2374 643 2436 Et
664 2373 695 2435 in
716 2373 774 2436 boc
795 2373 930 2453 praecise
952 2384 998 2436 est
1018 2373 1095 2436 ratio
1116 2402 1157 2418 —
1179 2389 1242 2435 nou

156 2471 289 2534 dicimus
309 2487 505 2534 mensura-
519 2472 620 2552 pretii,
638 2487 699 2534 nou
719 2487 788 2534 vero
809 2470 978 2534 formaliter
999 2471 1031 2534 iu
1055 2471 1241 2551 obligatione

138 2587 217 2650 ¹qua
231 2570 297 2633 tall.

196 2670 235 2734 Et
249 2668 372 2748 quidem
387 2668 555 2748 generatim
570 2669 701 2748 pretium
717 2685 792 2731 usus
808 2669 852 2732 rei
871 2670 1088 2750 permanentis,
1106 2669 1242 2749 adeoque

155 2784 192 2831 ex
207 2784 239 2830 sc
260 2766 436 2848 frugiferae,
454 2783 515 2831 non
528 2766 697 2840 formaliter
718 2767 942 2830 desumendum
964 2784 1030 2831 esse
1050 2784 1087 2831 ex
1108 2768 1242 2831 carentia

155 2873 324 2945 assumpta,
342 2864 419 2928 illud
435 2866 480 2928 vel
496 2882 531 2927 ex
546 2881 581 2928 eo
597 2873 679 2944 patet
693 2863 774 2945 quod
789 2866 913 2944 saepius
933 2865 1004 2929 talis
1025 2865 1159 2930 carentia
1179 2881 1240 2929 non

151 2953 328 3028 'assumatur
354 2963 407 3026 sed
429 2980 464 3027 ex
490 2963 641 3042 adJuuctis
663 2965 833 3027 necessario
855 2964 1001 3028 habeatur
1025 2982 1033 3026 ε
1060 2981 1099 3028 an
1125 2964 1241 3028 diceres

155 3063 257 3138 illurn,
284 3063 337 3142 qui
368 3064 480 3127 multas
506 3063 642 3143 possidet
666 3062 784 3138 domos,
814 3079 953 3144 quarum,
981 3065 1132 3144 quidquid
1156 3064 1239 3140 uelit,

155 3178 249 3226 uuam
274 3172 390 3225 tautum
411 3162 581 3226 inhabitare
603 3161 713 3242 possit,
737 3179 774 3225 en
795 3162 945 3226 locatione
970 3171 1155 3226 caeterarum
1180 3178 1242 3227 non

156 3277 245 3340 posse
267 3261 401 3341 racipere
420 3260 535 3338 justum
557 3261 701 3341 pretium,
727 3260 773 3324 vel
796 3277 886 3340 posse
908 3260 976 3325 ideo
998 3261 1069 3341 quia
1090 3277 1123 3324 se
1144 3261 1243 3342 privat

155 3360 298 3426 facultate
320 3363 397 3441 ipsis
412 3378 467 3443 pro
483 3362 572 3426 libitu
593 3362 719 3428 utcudil
741 3362 857 3426 Deinde
879 3363 906 3425 si
928 3373 1149 3443 supponeretur
1169 3381 1240 3444 pro·

155 3459 329 3539 prietarius,
343 3468 377 3524 ut
392 3461 423 3523 in
436 3477 507 3524 casu
519 3461 631 3541 posito,
645 3461 773 3541 positive
785 3460 943 3524 intendere
957 3462 1084 3525 caeteris
1098 3462 1242 3526 domibus

156 3573 218 3621 nou
239 3559 300 3635 uti,
326 3559 477 3639 quomodo
500 3568 533 3622 ut
561 3558 764 3622 aestimabilis
789 3575 826 3622 ac
853 3559 1112 3641 recompensanda
1139 3568 1243 3641 posset

155 3657 261 3723 baberi
276 3658 330 3722 illa
342 3658 488 3739 obligatio
500 3674 592 3738 quam
604 3658 765 3721 intentioni
778 3674 863 3736 suae,
877 3667 911 3722 ut
924 3659 1137 3739 supponimus,
1151 3660 1241 3723 abso·

156 3867 212 3909 uou
227 3855 288 3910 esse
303 3854 511 3921 improbabilem
527 3853 675 3911 secundam
691 3854 853 3910 seutentiam
864 3854 1042 3910 affirmantem
1053 3852 1157 3919 aliquid
1169 3853 1242 3909 ultra

156 3940 259 3994 sortem
269 3938 342 4005 exigi
354 3951 436 4004 posse
451 3938 481 3993 iu
496 3941 595 3994 mutuo
610 3940 737 3992 diuturno
749 3955 759 3992 :
771 3936 818 3992 osi
828 3937 903 3992 euim
920 3936 994 3992 licite
1010 3935 1113 4004 aliouid
1131 3937 1242 4002 exigere

156 4022 256 4084 potest.
274 4019 322 4085 uui
340 4019 472 4086 obligatur
489 4021 524 4074 ud
542 4021 719 4072 mouendum
738 4017 807 4077 infra
825 4017 940 4084 longum
958 4021 1076 4083 tempus,
1093 4020 1126 4074 ut
1143 4016 1243 4074 docent

155 4102 206 4158 bb.
225 4102 442 4166 communius...,
460 4116 511 4158 cur
528 4115 584 4157 nou
600 4103 701 4167 potest,
720 4101 768 4166 uui
786 4101 919 4167 obtinetur
938 4115 991 4154 non
1011 4105 1133 4164 repetere
1151 4114 1239 4164 suam,

157 4184 208 4242 uisi
221 4188 284 4252 post
296 4184 459 4241 diuturnum
471 4186 619 4251 tempusa»
1033 4243 1119 4314 ,Ἠ
