3242 4959
451 502 515 550 cur.
532 502 565 548 rr.
582 503 620 550 na
635 502 798 550 conrnacru
813 503 938 549 cnuurn.
1166 472 1239 550 'alo

149 673 336 747 spectentur,
354 673 461 730 natura
476 665 508 728 in
522 664 637 746 duplici
652 666 725 746 poni
740 666 853 745 specie,
870 682 939 730 cum
955 665 1033 730 aliae
1048 667 1116 747 ipso
1131 683 1189 756 usu
1205 665 1238 730 lu

152 765 264 844 seipsls
288 763 495 830 absumantur.
521 764 599 828 aliae
621 781 691 828 vero
716 763 848 829 habeant
866 780 967 838 usum,
990 774 1074 828 entra
1095 772 1125 828 et
1145 764 1239 845 supra

152 862 285 926 valorem
301 877 390 925 suum
405 862 616 936 intrinsecum,
632 863 730 943 pretio
744 862 978 926 aestimabilem.
993 863 1065 927 Ideo
1080 863 1238 928 concludi·

151 979 221 1027 mus
250 962 403 1025 illarum«
422 961 553 1026 valorem
582 962 861 1026 commutationis»
884 962 1000 1040 (valeur
1027 980 1065 1026 en
1094 961 1237 1044 ecbangel

151 1061 309 1143 aequalem
335 1067 364 1124 et
386 1059 554 1124 identicum
575 1077 642 1124 esse
659 1084 672 1118 α
688 1061 782 1126 valori
804 1079 907 1126 usus»
924 1063 1039 1140 (raleur
1060 1080 1097 1126 en
1120 1065 1236 1144 usagel;

150 1163 208 1225 bas
221 1177 292 1224 vero
304 1161 381 1224 alias
395 1161 550 1225 continere
565 1169 629 1224 tum
646 1162 777 1225 valorem
797 1161 1045 1226 commutationis
1066 1172 1130 1226 tum
1152 1162 1238 1246 insu·

150 1277 206 1341 per
221 1261 354 1323 valorem
369 1275 454 1322 usus.
472 1259 543 1322 ideo
558 1259 686 1322 ulterius
708 1259 804 1338 liquet
825 1260 857 1322 in
880 1260 1035 1339 prioribus
1055 1259 1129 1335 illis,
1146 1275 1239 1340 super

151 1358 286 1421 valorem
303 1357 550 1421 commutationis
570 1358 812 1432 substantialem,
833 1357 953 1421 nullum
974 1358 1141 1423 auctarium
1165 1374 1239 1421 con-

151 1457 225 1538 cipi,
243 1464 366 1520 econtra
381 1457 489 1519 merito
506 1457 536 1519 iu
552 1457 633 1519 aliis.

194 1557 251 1631 Qui
267 1565 367 1619 autem
387 1572 435 1618 res
456 1556 561 1619 tribuit
585 1554 626 1618 ud
647 1573 748 1629 mom,
774 1555 896 1619 easdem
918 1557 1024 1619 tribuit
1046 1556 1086 1620 od
1108 1562 1236 1638 tempus,

151 1663 181 1718 et
210 1656 267 1718 boc
297 1655 542 1735 inseparabiliter
570 1653 709 1718 cohaeret
736 1671 743 1717 :
771 1655 883 1717 etenim
909 1663 942 1718 ut
969 1655 1039 1735 quis
1063 1671 1096 1718 re
1121 1656 1237 1735 aliqua,

150 1754 271 1818 etiamsi
298 1754 397 1832 primo
423 1770 479 1815 usu
506 1753 747 1833 consumptibili,
775 1753 818 1815 uti
844 1754 953 1833 possit,
977 1762 1095 1818 constat
1119 1761 1241 1834 tempus

150 1852 278 1932 requiri.
292 1851 378 1925 Quod
394 1851 635 1914 animadvertum
649 1861 707 1919 est.
722 1860 755 1914 ut
766 1861 866 1931 pateat
881 1852 1064 1917 formalitate
1079 1853 1237 1933 temporis,

151 1968 230 2032 quae
248 1951 286 2014 de
300 1951 430 2013 essentia
445 1958 491 2013 est
504 1950 623 2023 crediti,
641 1952 816 2014 nullatenus
838 1953 1023 2033 principium
1046 1953 1137 2017 modo
1159 1951 1241 2032 posi-

150 2061 218 2115 tum
233 2051 342 2114 mutari
359 2067 395 2114 ac
409 2051 520 2113 vitiari.
539 2047 575 2113 lit
590 2050 714 2129 quidem
729 2067 797 2113 cum
818 2051 856 2114 de
878 2069 909 2115 re
933 2054 1034 2132 agitur
1054 2048 1241 2131 consumpti·

151 2150 220 2218 bili.
249 2159 278 2212 et
303 2165 372 2213 cum
398 2150 489 2212 simul
517 2149 640 2228 aliquod
667 2150 814 2229 temporis
839 2151 982 2230 spatium.
1011 2168 1039 2212 v.
1067 2168 1097 2229 g.
1127 2167 1237 2225 auuus,

151 2249 372 2313 determinatur
394 2256 463 2328 post
484 2248 564 2327 quod
585 2248 723 2327 elapsum
744 2264 792 2310 res
814 2249 845 2310 in
865 2249 1066 2328 aequivalenti
1082 2248 1237 2324 reddatur,

151 2349 238 2412 valor
263 2348 304 2410 rei
331 2364 523 2427 perannum
550 2347 637 2410 illum
663 2347 817 2410 evidenter
842 2355 944 2410 manet
967 2347 1118 2411 identlcus
1142 2348 1239 2410 valori

150 2465 227 2512 usus
245 2464 252 2508 :
270 2463 340 2509 nam
357 2447 420 2510 sive
435 2447 592 2520 carbones,
610 2462 657 2509 ex.
676 2463 720 2522 q..
738 2446 955 2509 comburantur
969 2446 1068 2526 prima
1084 2445 1154 2508 anni
1175 2445 1236 2522 die,

151 2547 216 2609 sive
239 2545 397 2625 paulatim,
421 2546 484 2608 sive
506 2544 611 2607 ultima
635 2554 732 2616 nocte,
754 2545 779 2606 sl
802 2545 988 2625 principium
1009 2543 1238 2607 fundamentale

151 2646 190 2710 de
212 2645 433 2724 aequivalentia
453 2645 532 2707 iuter
550 2645 682 2707 valorem
707 2643 938 2706 substantialem
960 2653 989 2706 et
1011 2644 1143 2706 valorem
1165 2659 1239 2704 usus

151 2761 258 2810 verum
281 2754 336 2819 est,
361 2761 435 2807 usus
460 2745 639 2818 carbonum,
664 2744 771 2822 quovis
797 2744 849 2806 liat
874 2752 1040 2818 momento,
1067 2743 1238 2823 aequivalet

150 2844 318 2908 carbonum
335 2843 531 2906 substantiae.
552 2842 636 2915 Dein,
651 2842 677 2903 si
693 2841 730 2904 de
743 2857 774 2904 re
790 2851 985 2921 permanente
996 2875 1037 2885 -
1048 2850 1239 2922 supponatur

151 2959 225 3024 ager
240 2959 336 3022 usque
351 2942 491 3005 adfinem
504 2941 609 3004 mundi
626 2942 758 3004 existens
769 2977 809 2986 —
821 2950 993 3021 quaeratur,
1008 2942 1237 3021 liquetaliquod

149 3051 273 3122 tempus
298 3041 410 3121 requiri
438 3041 572 3121 praecise
597 3047 729 3103 ut‘usus
756 3040 798 3103 rei
824 3040 920 3120 pretio
942 3041 981 3103 sit
1004 3041 1235 3104 aestimabilis:

149 3142 316 3221 requiritur
340 3150 373 3203 ut
398 3157 469 3219 ager
495 3140 554 3204 coli
579 3140 676 3220 possit
702 3147 732 3202 et
756 3139 873 3202 fructus
898 3140 1012 3220 colligi.
1047 3140 1104 3203 llic
1135 3149 1239 3203 tamen

151 3241 314 3305 difficultas
329 3239 448 3320 exurgit
462 3248 563 3303 utrum
580 3255 673 3302 necne
695 3239 845 3301 influxum
864 3239 974 3302 babeat
995 3247 1116 3320 tempus
1137 3239 1239 3319 quoad

150 3339 285 3402 valorem
305 3337 347 3400 rei
367 3337 399 3399 in
414 3338 649 3400 commutatione
668 3354 675 3399 :
693 3353 783 3416 quam
804 3337 1011 3401 difficultatem
1033 3353 1104 3401 mor
1125 3338 1236 3402 exami-

151 3439 295 3506 nabimus
316 3454 352 3500 ex
374 3436 522 3516 professo.
545 3439 632 3500 Nunc
654 3444 771 3498 tantum
793 3441 979 3517 ponatureo
1000 3438 1068 3518 ipso
1089 3438 1170 3518 quod
1191 3438 1238 3520 rei

150 3525 227 3601 oros
243 3536 392 3610 credatur,
411 3551 474 3600 rem
493 3536 575 3599 credi
598 3534 638 3598 od
657 3550 789 3617 tempus;
813 3535 960 3616 temporis
980 3535 1074 3616 igitur
1088 3537 1236 3603 elemento

149 3636 338 3718 principium
350 3635 387 3698 de
400 3651 511 3698 usuum
523 3635 768 3698 aestimabilitate
779 3634 912 3709 diversa,
926 3650 979 3715 pro
990 3635 1104 3714 duplici
1117 3634 1237 3698 diuersa

149 3751 253 3801 rerum
283 3736 399 3815 specie,
430 3735 515 3797 nullo
535 3733 669 3813 'prorsus
698 3733 788 3796 modo
818 3734 984 3796 immutari.
1015 3733 1101 3807 Quod
1135 3741 1236 3796 autem

131 3844 272 3916 ”tempus
298 3834 374 3897 illud
401 3834 547 3897 tributum
574 3834 643 3913 plus
669 3833 806 3895 minusve
832 3833 958 3913 longum
979 3833 1018 3896 sit
1043 3849 1104 3897 non
1131 3832 1234 3909 rcicrt,

140 3933 317 4010 ¹dummodo
344 3934 424 3996 intra
449 3932 526 3996 illud
553 3934 685 4012 spatium
706 3949 780 3996 usus
801 3933 913 4018 reisit
933 3930 1145 4013 oppretiobilis
1166 3933 1201 4010 lt)
1224 3948 1234 3994 :

143 4143 158 4158 ”
184 4157 219 4222 (ll
236 4157 332 4225 Liquet
344 4171 439 4213 verum
451 4171 511 4213 esse
529 4157 563 4213 de
581 4157 705 4224 pecunia.
716 4153 790 4229 quod
809 4157 845 4213 de
861 4158 976 4213 caeteris
987 4156 1069 4212 rebus
1081 4157 1171 4222 primo
1183 4171 1240 4213 usu

139 4239 421 4306 ‘consumptibilibuq
443 4253 493 4296 nec
512 4239 649 4295 ullatenus
665 4237 818 4296 *hodiedum
839 4238 991 4305 pecuniam,
1012 4238 1085 4296 inter
1106 4251 1151 4295 ree
1173 4254 1241 4296 con-
