3242 4959
391 487 431 550 88
837 505 909 550 rans
928 506 1025 551 caron.

433 667 458 729 l⁰
476 665 607 729 Tbeorio
621 667 792 729 scolastico.
806 702 847 712 -
860 669 926 730 Duo
938 668 1091 748 principia
1105 668 1195 732 nobis
1210 668 1351 732 videntur
1364 667 1482 732 tunda-

389 775 526 829 mentum
538 767 721 831 constituere
733 767 826 830 totius
837 768 1010 846 systematis
1023 768 1175 830 scolastici
1187 785 1194 830 :
1204 767 1303 847 primo
1316 769 1481 848 pecuniam

390 881 444 944 per
468 883 500 928 se
526 883 592 928 csse
618 867 764 941 sterilem,
792 875 822 928 et
847 866 957 929 deinde
983 875 1170 930 contractum
1197 867 1294 930 mutui
1320 868 1386 946 ejus
1410 883 1481 930 esse

389 975 515 1029 naturae
531 975 563 1028 ut
578 967 609 1029 in
625 967 691 1046 ipso
707 966 877 1030 dominium
893 967 935 1031 rei
949 967 1079 1030 creditae
1093 967 1131 1030 ad
1143 968 1362 1031 mutuatarium
1377 977 1481 1030 trans-

390 1064 514 1128 lerator.

432 1165 464 1245 a)
480 1165 612 1229 Pecunia
635 1183 687 1245 per
709 1183 741 1229 se
763 1174 809 1228 est
830 1167 969 1228 sterilis:
988 1182 1049 1228 non
1071 1166 1112 1228 ita
1134 1182 1206 1228 sane
1230 1167 1329 1245 quasi,
1348 1167 1481 1246 pecunia

390 1270 515 1326 naturae
531 1264 575 1325 tel
593 1265 690 1327 labori
709 1265 843 1328 bumana
860 1265 1022 1344 applicata,
1041 1265 1116 1327 nihil
1140 1265 1209 1345 plus
1229 1265 1342 1327 valoris
1364 1263 1480 1345 produ-

389 1372 475 1424 catur
499 1379 591 1442 quam
617 1365 745 1444 pecunia
767 1365 904 1442 dempta;
933 1364 1095 1442 autquasi
1121 1362 1281 1443 pecuniam
1307 1363 1481 1442 possidenti

389 1459 498 1524 exinde
517 1462 622 1525 nullus
643 1462 759 1525 lructus
781 1463 924 1526 obvenire
949 1463 1055 1542 possit.
1074 1463 1186 1525 Verum
1201 1478 1236 1524 eo
1256 1461 1346 1524 modo
1364 1461 1480 1524 sterilis

389 1558 511 1634 dicitur,
539 1560 621 1640 quod
646 1577 708 1623 non
736 1561 876 1635 babetur,
904 1569 936 1624 ut
962 1569 1070 1623 natura
1099 1570 1128 1624 et
1152 1561 1286 1623 bumana
1312 1559 1477 1635 industria,

388 1658 510 1720 tertium
531 1659 715 1721 elementum
736 1658 948 1738 productivum
973 1659 1011 1721 ad
1033 1659 1167 1721 valorem
1191 1659 1413 1722 oeconomicum
1432 1659 1479 1738 gi-

387 1757 554 1836 gnendum.
572 1757 715 1836 ideoque,
732 1774 769 1820 ex
783 1758 841 1820 hoc
857 1758 967 1820 saltem
980 1758 1089 1836 capite,
1103 1758 1232 1838 pecunia
1247 1757 1361 1820 credita
1373 1774 1432 1837 per
1444 1774 1481 1820 se

389 1856 555 1918 auctarium
571 1856 711 1918 creditori
727 1857 833 1918 afferre
849 1857 963 1935 nequit.
979 1856 1064 1930 Quod
1081 1857 1277 1936 principium,
1291 1872 1361 1920 cum
1376 1856 1479 1935 ipsam

387 1955 500 2017 valoris
529 1956 758 2034 productionem
787 1956 1006 2018 oeconomicam
1040 1965 1138 2036 regat,
1170 1972 1303 2034 cumque
1339 1953 1480 2032 eJusdem

387 2053 597 2134 productionis
627 2056 709 2135 leges
743 2055 988 2118 fundamentales
1024 2057 1184 2118 mutationi
1221 2073 1282 2119 non
1317 2055 1480 2118 rideantur

387 2153 546 2226 obnoxiae,
564 2172 623 2234 qua
640 2155 830 2218 immutabile
845 2155 988 2231 ltabetur;
1006 2166 1035 2218 et
1055 2173 1160 2235 reapse
1181 2155 1391 2234 proponitura
1407 2169 1478 2216 sco-

387 2252 503 2316 lasticis
528 2254 729 2316 abstractione
751 2252 831 2316 lacta
854 2271 871 2315 a
893 2264 972 2316 statu
994 2255 1180 2317 mconomico
1203 2268 1315 2326 rerum,
1341 2253 1479 2331 itemque

385 2352 590 2415 abstractione
605 2352 684 2415 lacta
699 2370 716 2414 a
733 2352 823 2414 modo
846 2369 905 2432 quo
928 2354 1132 2415 mutuatarius
1154 2353 1314 2432 pecuniam
1336 2351 1373 2414 de
1395 2351 1477 2414 facto

387 2452 541 2516 adhibeat.
552 2453 639 2516 Unde
653 2470 727 2514 usus
742 2454 887 2532 pecuniae
904 2469 963 2532 qua
979 2454 1048 2516 talis
1062 2453 1141 2531 juste
1157 2453 1257 2524 vendi,
1272 2461 1301 2515 et
1317 2452 1405 2532 proin
1421 2467 1477 2530 pe·

386 2551 476 2614 cunia
491 2567 545 2631 per
560 2568 592 2613 se
608 2551 700 2614 locari
718 2552 837 2630 nequit;
852 2586 891 2594 -
904 2568 938 2614 eo
951 2553 995 2613 vel
1009 2552 1109 2630 magis
1121 2551 1202 2630 quod
1214 2551 1240 2628 b)
1254 2561 1359 2614 mutuo
1374 2550 1476 2613 domi-

387 2650 471 2711 nium
484 2649 527 2712 rei
547 2650 585 2712 ad
607 2650 824 2711 mutuatariorn
847 2650 1056 2712 transferatur.
1075 2651 1154 2730 Ergo
1178 2665 1245 2712 curn
1267 2649 1352 2727 juxta
1372 2647 1478 2712 omnia

381 2747 462 2825 iuris
484 2747 645 2827 principia,
672 2764 749 2809 «res
764 2747 889 2810 domino
911 2746 1072 2811 lructilicet
1087 2771 1114 2822 a,
1138 2747 1163 2808 si
1186 2747 1223 2808 de
1245 2746 1323 2809 facto
1345 2745 1477 2826 pecunia

387 2846 489 2909 labore
504 2847 680 2909 mutuatarii
696 2846 814 2911 fructus
829 2847 945 2926 gignat,
964 2847 1001 2909 ab
1024 2862 1060 2908 eo
1083 2862 1142 2925 quo
1165 2845 1299 2910 creditur
1320 2853 1475 2907 momento

388 2961 447 3008 non
463 2945 603 3009 creditori
620 2946 672 3008 sed
695 2946 823 3009 debitori
848 2947 965 3008 lucrum
987 2945 1149 3024 germinat.
1166 2944 1281 3018 Quodsi
1304 2943 1475 3007 dominium

385 3044 429 3106 rei
450 3062 512 3106 ooo
535 3044 726 3116 transfertur,
744 3045 841 3107 mutui
862 3052 1035 3106 contractus
1057 3059 1117 3105 non
1140 3043 1244 3116 initur,
1269 3050 1299 3104 at
1322 3041 1475 3105 societatis

384 3142 432 3204 vel
448 3143 581 3220 cujusvis
597 3143 676 3204 alius
693 3167 700 3202 ε
718 3153 790 3204 tunc
805 3151 906 3205 autem
923 3143 948 3204 si
965 3159 1015 3204 res
1029 3141 1202 3214 fructificat,
1220 3141 1295 3204 socii
1311 3141 1475 3203 fructificat

387 3240 489 3303 labore
505 3240 550 3302 vel
567 3240 712 3319 periculo.
733 3240 906 3303 Notandum
923 3249 1024 3303 autem
1040 3256 1116 3310 rem,
1137 3241 1223 3318 cujus
1239 3257 1312 3302 usus
1334 3239 1473 3303 consistit

385 3339 418 3400 in
436 3339 590 3401 «abusu»
608 3355 660 3400 seu
678 3340 709 3401 in
725 3339 969 3418 consumptione,
985 3339 1108 3402 nonnisi
1121 3355 1190 3400 cum
1202 3338 1339 3401 dominio
1355 3355 1390 3400 ex
1406 3337 1474 3416 ipsa

384 3449 492 3503 natura
508 3456 563 3501 sua
578 3456 667 3518 posse
682 3440 719 3502 ad
735 3456 826 3502 usum
843 3438 931 3502 tradi.
949 3441 1039 3513 Nam,
1057 3440 1082 3500 si
1099 3438 1136 3502 ad
1153 3440 1282 3502 abusum
1298 3455 1360 3500 non
1381 3437 1473 3500 tradi-

382 3547 444 3611 tur,
461 3545 569 3601 mutuo
585 3555 646 3602 non
661 3539 801 3602 traditur.
1394 3585 1396 3590 -

425 3641 470 3702 Ex
485 3638 597 3718 quibus
612 3639 771 3719 principiis
787 3639 883 3717 liquet
898 3637 938 3700 rei
960 3643 1113 3700 mutuatae
1135 3636 1251 3700 fructus
1271 3652 1330 3716 per
1350 3653 1382 3697 sc
1404 3651 1473 3697 mu-

381 3738 494 3800 tuatori
511 3754 572 3800 non
587 3737 741 3812 obvenire,
759 3753 813 3800 seu
829 3738 976 3816 iniustum
998 3752 1064 3798 esse
1086 3742 1120 3798 ut
1140 3753 1175 3798 ex
1197 3744 1302 3798 mutuo
1320 3735 1351 3796 vi
1371 3734 1474 3796 mutui

380 3837 503 3915 aliquid
518 3853 610 3916 supra
625 3846 738 3899 sortem
754 3853 771 3899 a
786 3836 934 3899 creditore
949 3835 1146 3915 percipiatur.

284 4012 289 4020 ,
426 3936 549 4009 Verum,
577 3935 676 4014 prima
696 3934 831 4012 justitiae
852 3934 957 4014 regula
979 3934 1076 4013 poscit
1098 3942 1131 3996 ut
1152 3931 1321 3995 debitorem
1343 3933 1422 3994 inter
1444 3939 1475 3994 et

380 4033 563 4096 creditorem
574 4034 719 4112 aequalia
734 4043 934 4113 praestentur.
954 4033 1035 4108 ldeo,
1054 4033 1091 4105 si,
1110 4049 1142 4094 re
1157 4041 1306 4104 mutuata,
1325 4030 1472 4094 domuum

381 4130 525 4194 creditori
553 4137 698 4212 ememor
725 4131 756 4194 id
782 4142 828 4195 est
854 4133 879 4194 si
903 4132 970 4195 ideo
995 4131 1104 4195 caeteri
1130 4131 1311 4193 «ratores»
1337 4128 1475 4208 eiusdem

382 4230 483 4310 pretio
495 4231 700 4294 aestimabiles
712 4232 904 4310 minuantur;
918 4232 964 4295 vel
978 4233 1015 4309 si,
1026 4229 1154 4310 -quod
1168 4231 1199 4292 in
1211 4229 1292 4292 idem
1305 4229 1422 4303 recidit,
1432 4262 1473 4274 -
