3242 4959
346 465 412 511 cte.
428 466 461 512 11.
481 466 627 512 rutbertus
640 466 787 540 sclebrrttr
801 467 999 514 scotasrrctttr.
1153 449 1210 514 181

107 629 260 694 valorem
274 630 455 720 naturalem,
473 631 693 707 consideratur,
712 632 866 696 cambium
887 633 944 696 boc
965 631 1056 698 modo
1078 632 1214 696 intellec·

107 736 189 791 uum
204 745 268 793 non
278 729 342 814 jam
356 746 441 794 mera
454 739 501 794 εει
514 745 616 794 rerum
638 731 832 811 permutatio,
850 730 903 794 sed
925 746 995 816 vera
1016 731 1059 794 rei
1082 731 1211 810 emptio·

111 827 271 914 venditio.
287 829 374 905 Quod
390 830 508 898 licitum
530 845 597 893 csse
618 829 783 893 admittunt
803 836 832 893 ει
853 838 1047 910 propugnant
1067 823 1212 894 Doctores

104 926 259 1008 allegati.
280 928 481 1014 covarruvias
495 930 530 1006 (rt
555 938 657 992 tamen
679 945 741 992 nou
761 929 803 992 ita
829 928 925 1007 nitide
949 928 1157 1008 quaestionem
1182 938 1213 992 et

108 1041 312 1110 ,responsum
323 1027 410 1108 ponit
427 1043 466 1098 ,ac
487 1027 541 1090 atii
564 1027 748 1107 posteriores
771 1028 833 1092 imo
855 1027 1033 1092 anteriores.
1052 1050 1066 1083 u
1082 1027 1211 1112 Licitum

105 1133 166 1188 est
181 1125 369 1190 numismata
383 1133 417 1189 ut
437 1127 624 1190 numismata
644 1137 725 1202 sunt,
744 1127 786 1190 ita
806 1127 883 1208 ipse,
907 1135 936 1190 ει
959 1143 994 1190 ea
1015 1126 1131 1190 ratione
1145 1142 1212 1207 per·

108 1231 241 1287 mutare
255 1231 285 1286 et
298 1225 444 1301 cambire,
461 1225 610 1288 nonnutto
624 1225 663 1288 ab
688 1225 832 1288 alterutra
853 1233 938 1304 parte
959 1240 1102 1308 concesso
1123 1223 1211 1287 alteri

108 1323 237 1402 precio.
261 1345 275 1380 a
301 1323 389 1398 Quod
413 1325 500 1403 ponit
525 1333 630 1410 contra
655 1324 808 1392 Medicam
834 1323 883 1387 cni
908 1323 1039 1403 «visum
1064 1331 1120 1397 est,
1148 1336 1211 1385 non

108 1437 213 1502 ‚posse
227 1421 316 1486 vendi
332 1423 493 1503 pecuniam
509 1425 621 1499 carius,
640 1441 731 1504 quam
753 1423 820 1504 iege
844 1423 943 1486 valeat
961 1440 968 1485 :
985 1422 1048 1484 atsi
1069 1437 1210 1485 excessus

107 1521 175 1584 iiie
196 1518 362 1609 recipiatur
381 1522 499 1587 ratione
522 1524 624 1598 officii,
648 1522 693 1586 vel
715 1522 956 1597 consuetudinis,
973 1522 1020 1584 vei
1042 1521 1107 1599 ejus
1127 1520 1209 1600 quod

116 1636 190 1683 vere
211 1621 452 1702 intersitipsius
473 1622 649 1702 recipientis
673 1623 762 1686 iilum
784 1637 942 1684 excessum
967 1619 1083 1683 ratione
1104 1618 1209 1681 damni

104 1720 315 1800 ¹emergentis,
326 1721 372 1783 vei
386 1721 594 1801 probatissimi
611 1720 686 1784 lucri
702 1721 851 1784 cessantis
864 1719 938 1798 uia).
948 1718 1080 1783 Proinde
1091 1727 1210 1799 praeter

113 1817 227 1881 titulos
247 1819 319 1883 iilos
338 1819 504 1900 recipiendi
524 1820 673 1899 maiorem
691 1820 781 1900 iegati
801 1818 947 1894 valorem,
965 1817 1098 1882 admittit
1107 1834 1165 1898 per
1178 1833 1210 1880 se

115 1915 211 1979 licere
240 1917 392 1997 campsori
421 1918 552 1997 pretium
590 1918 622 1980 in
658 1917 880 1998 permutatione
914 1917 1110 1980 numismatis
1137 1931 1209 1979 eum

104 2015 303 2078 numismata
323 2015 417 2094 recipi
438 2033 445 2078 :
467 2026 496 2079 ει
522 2027 635 2090 tamen,
655 2017 796 2096 quamvis
818 2017 946 2080 eandem
968 2031 1004 2078 ac
1026 2014 1209 2095 posteriores

116 2113 302 2177 solutionem
313 2124 494 2194 propugnet,
510 2117 650 2194 quamvis
663 2116 755 2179 ctiam
767 2115 804 2178 de
819 2139 833 2173 a
848 2114 1019 2178 venditione
1034 2137 1047 2170 s
1062 2114 1208 2194 pecuniae

107 2212 272 2292 ioquatur,
286 2213 365 2276 bane
380 2212 480 2276 ideam
491 2213 676 2277 venditionis
688 2230 749 2277 non
760 2215 841 2277 ctare
856 2213 973 2294 pandit,
987 2222 1015 2274 et
1026 2228 1094 2275 eam
1105 2211 1207 2292 potius

103 2311 205 2391 euasi
231 2312 485 2391 permutationem
509 2313 702 2376 considerare
727 2313 846 2376 videtur
873 2329 880 2376 :
907 2312 1020 2376 etenim
1043 2319 1206 2391 postquam

105 2409 235 2472 -notavit
248 2410 328 2473 bane
342 2411 595 2490 permutationem
611 2427 677 2474 esse
692 2411 877 2491 reipublicae
892 2410 1010 2484 utilem,
1027 2408 1181 2473 concludit
1194 2425 1202 2471 ε

105 2533 134 2567 ·‹
148 2509 218 2573 ideo
239 2511 352 2574 mirum
374 2527 436 2574 non
458 2524 514 2588 est,
531 2512 557 2575 si
579 2513 782 2592 permittatur,
799 2511 969 2575 mercedem
988 2511 1122 2590 aliquam
1138 2509 1205 2572 dari

105 2609 165 2672 {bis
181 2610 235 2689 qui
252 2609 355 2674 tabere
366 2611 489 2692 proprio
501 2619 531 2674 ct
542 2611 694 2674 industria
705 2618 826 2691 paratos
837 2610 951 2674 habent
962 2627 1071 2674 numos
1082 2625 1201 2685 aureos,

103 2719 146 2771 *et
160 2709 297 2773 minutos
311 2719 470 2790 argenteos
485 2711 524 2773 ad
539 2710 715 2788 huiusmodi
731 2703 861 2785 cimbia,
880 2709 970 2773 medo
991 2709 1126 2789 precium
1145 2709 1205 2772 boc

104 2816 206 2871 'mnne
220 2809 273 2882 sit,
290 2825 329 2871 ne
343 2807 503 2873 fraudibus
519 2811 603 2873 iocus
617 2810 796 2889 aperiatur»
816 2811 861 2886 (a).
876 2808 980 2888 ltaque
996 2808 1149 2872 cambium
1164 2805 1203 2870 ad

103 2914 305 2970 <contractum
327 2907 717 2971 locationis-conductionis
739 2922 900 2988 operarum
926 2907 1028 2987 potius
1050 2922 1141 2985 quam
1163 2905 1203 2969 ad

103 3007 714 3088 emptionem-venditionemrevocatis).
880 3085 884 3093 Ι

156 3107 245 3168 Hunc
267 3121 336 3170 vero
357 3107 469 3170 cambii
490 3114 673 3170 caracterem
695 3106 818 3170 Lessius
839 3107 930 3186 piena
952 3107 1054 3186 posuit
1075 3106 1106 3169 in
1121 3105 1198 3182 luce,

104 3219 185 3266 rcum
200 3202 370 3285 distinguat
384 3205 537 3268 cambium
554 3205 709 3267 minutum
724 3221 777 3268 seu
793 3206 945 3280 manuale,
962 3206 1044 3285 qnod
1063 3205 1203 3269 consistit

106 3301 148 3364 tin
162 3303 386 3383 permutatione
401 3304 620 3366 numismatum
637 3302 773 3367 diversae
786 3304 915 3367 rationis
929 3312 958 3366 ει
979 3304 1102 3384 speciei,
1119 3304 1201 3367 etde

145 3557 180 3621 (i)
197 3555 236 3613 Gi.
250 3559 270 3611 ι.
282 3571 317 3621 a,
330 3569 358 3612 n,
371 3557 426 3612 3et
436 3557 462 3612 i.

145 3641 181 3703 (i)
197 3639 412 3707 Expiioaiioncm
424 3640 523 3697 borum
540 3640 684 3696 titulorum
703 3641 731 3695 in
743 3641 850 3696 cambio
867 3641 968 3698 videsis
983 3641 1056 3708 apud
1074 3642 1197 3708 Lassrmr,

116 3734 155 3786 op.
168 3737 202 3786 a,
216 3721 318 3785 i.11,c.
331 3721 373 3785 23,
392 3720 457 3778 dub.
471 3721 496 3786 i,
509 3735 537 3776 n.
550 3721 619 3778 ΜΟ.
636 3722 694 3778 Jam
713 3723 764 3778 bos
781 3723 877 3780 titulos
895 3723 1070 3788 adstruendo,
1083 3725 1198 3791 pecunia

105 3806 144 3859 -ut
155 3818 234 3860 merx
246 3804 372 3860 babetur.

145 3886 180 3949 (3)
197 3885 235 3943 Gi.
249 3888 270 3941 t.
283 3901 316 3950 a,
331 3900 358 3941 n.
371 3885 397 3941 4.

144 3967 179 4031 (i)
195 3969 306 4042 Lassros
323 3968 351 4031 (i.
371 3969 403 4031 ΙΙ,
420 3982 445 4024 c.
465 3968 508 4033 tt,
522 3968 587 4026 dub.
602 3971 626 4030 1.
646 3985 674 4026 n.
693 3970 718 4034 b
734 3968 865 4027 describit
882 3972 972 4027 varios
990 3973 1147 4028 contractus
1163 3969 1197 4026 ad

104 4061 184 4114 'nuos
198 4049 337 4106 mmbium
356 4049 449 4107 reduci
468 4054 569 4117 posset,
589 4065 687 4118 nempe
704 4056 875 4109 contractum
893 4053 1110 4120 permutationis,
1129 4053 1198 4110 loea-

115 4131 196 4188 tioms
206 4136 236 4190 et
246 4133 438 4190 conductionis
450 4148 606 4201 operarum,
615 4137 762 4203 emptionis
770 4140 798 4192 et
807 4137 981 4203 venditionis,
991 4141 1018 4194 ει
1027 4139 1198 4194 contractum

107 4212 314 4272 innominatum
324 4216 361 4273 do
373 4222 404 4274 ut
415 4216 473 4274 des.
