3242 4959
401 437 421 501 8
849 459 919 503 uuus
941 460 1037 505 nnron.

403 638 494 701 quam
523 623 734 705 disputabatur
762 632 864 688 utrum
894 626 997 705 praxis
1025 626 1174 705 quaedam
1202 635 1283 691 esset
1309 627 1494 714 probanda,

403 737 573 801 quonamve
585 724 672 787 titulo
682 724 840 799 niteretur,
854 722 892 787 ad
904 740 1068 805 quemnam
1080 734 1268 789 contractum
1279 726 1493 790 reduceretur.

433 821 487 885 ,En
503 830 615 884 statum
631 821 829 901 quaestionis,
846 838 881 885 eo
897 833 1106 902 temporeque
1122 823 1188 904 ipsa
1204 823 1326 887 tandem
1342 824 1379 889 de
1393 841 1496 888 usura

396 919 558 1000 principio
574 935 628 1000 per
642 926 685 982 tot
699 920 820 983 saecula
835 920 969 985 admissa
985 922 1017 983 in
1032 923 1268 985 controversiam
1283 923 1491 987 vocabantur!

443 1131 578 1195 Historia
591 1139 693 1195 autem
708 1132 799 1210 hujus
816 1134 946 1197 celebris
966 1136 1187 1198 coutroversiae
1206 1144 1275 1215 apte
1296 1136 1328 1199 iu
1350 1144 1411 1199 tres
1431 1152 1493 1217 pe-

401 1229 506 1294 riodos
521 1230 668 1312 distingui
684 1232 773 1295 nobis
788 1233 917 1307 videtur,
935 1251 1003 1297 cum
1018 1235 1127 1315 triplex
1142 1235 1376 1315 inspicientibus
1393 1252 1493 1314 appa-

400 1336 465 1393 reat
480 1330 611 1395 stadium
633 1332 665 1394 iu
687 1332 894 1396 doctrinarum
912 1334 1094 1397 evolutione.
1114 1334 1215 1396 Prima
1231 1334 1269 1397 ab
1284 1344 1349 1397 orta
1364 1343 1490 1397 coutro-

402 1428 501 1491 versio
526 1430 616 1506 (circa
641 1446 755 1493 annum
782 1432 872 1508 1540)
897 1448 994 1511 usque
1019 1431 1056 1495 ad
1081 1432 1236 1495 saeculum
1257 1432 1355 1495 XVlll
1376 1432 1489 1495 iueuus

401 1527 492 1603 (cirea
508 1545 622 1591 annum
639 1530 729 1606 113111
745 1529 894 1607 1133111111;
908 1566 947 1575 -
963 1531 1096 1594 secunda
1110 1548 1207 1612 usque
1222 1531 1261 1595 ad
1276 1533 1487 1612 perturbatum

400 1625 537 1703 eiusdem
561 1627 675 1690 saeculi
702 1628 793 1690 hnern
820 1631 910 1705 (anno
937 1629 1043 1706 1189);
1060 1664 1100 1673 -
1116 1630 1203 1692 131113
1228 1629 1350 1693 tandem
1374 1629 1484 1695 exinde

402 1740 498 1803 usque
513 1724 551 1788 ad
568 1733 671 1788 nostra
686 1726 823 1804 pervenit
837 1738 984 1806 tempora.

806 2005 1028 2068 ARTlCULUS
1050 2006 1073 2067 1.

625 2187 738 2235 PRIMA
760 2186 1050 2236 CONTROVERsralc
1071 2188 1256 2237 PERIODUS.

440 2401 505 2473 Quo
521 2401 651 2480 planiori
668 2403 787 2465 tramite
810 2420 947 2483 gressum
966 2403 1125 2479 iaciamus,
1142 2414 1171 2466 et
1186 2420 1224 2468 ne
1239 2420 1346 2467 omnes
1363 2413 1481 2467 senteu-

398 2499 469 2573 tiae‚
480 2507 513 2562 ut
522 2500 645 2579 saepius
656 2500 778 2575 accidit,
794 2501 926 2565 indebite
937 2502 1188 2581 permisceantur,
1202 2511 1319 2583 oportet
1330 2511 1363 2566 ut
1378 2502 1410 2564 in
1424 2502 1480 2564 hac

398 2614 491 2677 ouem
513 2598 656 2679 ponimus
675 2600 806 2678 primam
826 2602 1048 2664 coutroversiae
1063 2602 1234 2681 periodum,
1252 2601 1480 2665 calvinistarum

399 2697 510 2776 placita
535 2714 552 2759 a
578 2698 783 2761 controversia
805 2698 884 2761 iuter
908 2700 1074 2763 catholicos
1099 2700 1236 2780 apprime
1258 2700 1477 2763 discernamus.

396 2797 518 2859 Etenim
534 2813 602 2860 eum
618 2797 758 2861 catholici
777 2799 905 2863 Scholae
926 2800 1085 2879 principiis
1100 2800 1225 2863 omniuo
1240 2800 1438 2863 adhaererent
1452 2808 1481 2863 et

397 2901 513 2958 tantum
536 2896 572 2958 de
593 2896 716 2959 illorum
739 2897 910 2961 evolutione
929 2914 965 2961 ac
980 2899 1184 2978 applicatione
1199 2899 1400 2979 disputarent.
1418 2900 1480 2964 cal·

347 3071 350 3077 ,
395 2994 524 3056 vinistae
550 3003 671 3057 econtra
696 2996 762 3075 ipsa
788 2995 986 3060 fundamenta
1012 2992 1166 3061 doctrinae
1192 2998 1395 3061 traditionalis
1418 3006 1480 3061 tarn

395 3092 584 3173 theologicae
600 3110 691 3172 quam
704 3094 852 3173 juridicae
864 3096 948 3158 omni
964 3106 1073 3160 conatu
1089 3096 1311 3177 impugnabant
1322 3099 1369 3174 (r).
1383 3097 1480 3170 Quam

394 3190 548 3269 duplicem
578 3190 763 3255 tendentiam
789 3192 821 3253 in
847 3192 904 3255 hac
928 3193 1052 3272 periodo
1082 3210 1208 3274 prorsus
1234 3193 1424 3269 distinctam'
1448 3195 1481 3256 in

395 3290 529 3353 secunda
554 3292 776 3354 controversiae
802 3292 917 3371 epocha
946 3292 1115 3356 videbimus
1144 3310 1234 3373 saepe
1259 3293 1381 3373 saepius
1411 3310 1480 3372 per-

395 3391 517 3454 misceri
539 3401 567 3454 et
582 3392 735 3471 coagulari
754 3409 761 3455 :
779 3409 836 3455 nee
850 3393 975 3468 mirum,
992 3394 1175 3473 comprima
1191 3394 1380 3474 quaestionis
1394 3395 1479 3474 prin-

392 3489 475 3568 cipia
487 3489 549 3568 jam
566 3490 604 3553 ob
620 3491 795 3554 diuturnam
812 3490 1049 3570 disputationem
1064 3492 1157 3555 nimis
1172 3502 1244 3555 tuno
1254 3492 1477 3568 obvelarentur‚

395 3596 425 3651 et
446 3604 515 3651 cum
538 3588 663 3669 insuper
686 3590 840 3671 theologia
862 3590 1009 3653 catholica
1030 3607 1048 3653 a
1068 3590 1197 3670 pristino
1219 3590 1380 3671 splendore
1402 3591 1482 3655 deci-

393 3685 501 3749 disset.

427 3932 462 3994 (1)
478 3934 551 3988 Η3113
569 3932 773 3989 distinctionem
791 3945 872 3999 duam
893 3935 1020 4000 ponimus
1038 3936 1109 3992 inter
1126 3936 1280 3993 calvinistae
1292 3938 1320 3993 31
1330 3933 1481 3994 catholicos

391 4027 430 4069 ue
441 4014 477 4069 ita
490 4015 625 4082 intelligas
637 4015 715 4082 ouasi
727 4014 821 4071 nullus
833 4030 947 4082 prorsus
959 4019 1070 4074 nomine
1084 4019 1180 4075 saltem
1197 4020 1350 4076 catholicus
1362 4019 1395 4075 ad
1409 4021 1481 4085 prio·

392 4110 456 4153 rum
467 4098 630 4154 sententiam
641 4097 790 4161 accederet,
804 4100 832 4154 31
842 4100 972 4155 vicissim.
