3242 4959
392 401 453 466 ult
761 419 833 466 nrm
847 419 968 465 nurum.
985 419 1064 465 secr.
1082 421 1114 465 n.

434 595 465 652 3ο
487 587 632 650 Matinum
645 603 718 648 voro
731 586 773 648 sit
790 603 885 648 cento
899 584 980 647 locri
993 585 1151 647 cosentio.

435 687 472 750 ut
487 685 528 748 ita
544 685 663 766 egimus
683 685 721 749 de
746 683 884 747 lucrandi
904 683 1061 746 voluntate
1082 699 1118 746 ao
1134 683 1351 764 possibilitate,
1374 681 1483 761 quales

393 785 586 864 requirantur
610 791 641 846 et
665 783 816 846 sufficiant
838 792 871 845 ut
892 783 1011 866 luorum
1031 798 1155 846 cessans
1177 783 1217 845 sit
1235 782 1316 861 J'uste
1337 796 1483 861 compen-

393 883 503 947 sabile.
521 881 607 955 Quod
623 897 694 944 vero
708 881 746 944 ad
762 889 824 944 tres
839 879 1030 944 conditiones
1050 897 1141 961 supra
1163 881 1280 961 positas
1301 887 1417 960 spectat
1432 881 1481 957 (ι),

395 983 432 1046 de
446 982 535 1044 tertia
551 981 635 1043 nulla
650 979 813 1043 dillioultas
833 979 907 1043 oriri
929 980 1062 1057 videtur3
1086 980 1220 1043 secunda
1240 996 1311 1043 vero
1332 996 1369 1043 cn
1390 977 1483 1042 modo

394 1082 486 1146 dictis
510 1087 607 1161 patet;
634 1078 761 1159 proinde
782 1086 918 1142 remanet
942 1087 1058 1142 tantum
1084 1087 1118 1142 ut
1142 1079 1179 1142 de
1205 1079 1305 1160 prima
1330 1077 1483 1158 quaedam

393 1186 601 1243 annotentur:
618 1185 736 1258 oportet
756 1193 866 1257 nempe
888 1187 922 1240 nt
943 1186 1111 1240 «mutuum
1131 1193 1205 1240 vera
1227 1178 1267 1240 sit
1290 1193 1383 1241 causa
1405 1175 1483 1239 lucri

395 1279 574 1344 cessantis»
603 1279 647 1356 (ι).
675 1278 785 1340 «Haeo
811 1277 956 1352 conditio,
985 1277 1027 1339 ita
1052 1277 1195 1356 Wiggers
1220 1278 1267 1354 (a),
1291 1276 1430 1340 absolute
1455 1282 1485 1337 et

394 1378 534 1442 omnium
560 1375 675 1456 iudicio
702 1387 747 1438 est
773 1376 957 1448 necessaria,
982 1376 1065 1455 quia,
1090 1376 1143 1438 illa
1172 1375 1342 1449 deficiente,
1366 1375 1487 1438 tollitur

395 1491 484 1539 omne
510 1474 743 1538 tundamentum
769 1475 860 1537 istius
886 1474 1047 1554 pactionis,
1074 1474 1200 1553 ejusque
1222 1473 1358 1552 institiae
1385 1490 1393 1536 ε
1422 1488 1486 1535 ιιοιι

396 1573 477 1636 enirn
493 1580 592 1653 potest
607 1572 676 1652 quis
691 1571 852 1635 aestimare
867 1588 953 1651 spem
969 1571 1046 1634 lucri
1066 1572 1214 1634 cessantis
1235 1572 1351 1635 ratione
1371 1569 1484 1645 mutui,

396 1673 422 1736 si
438 1673 482 1736 vel
500 1673 619 1736 nullum
636 1673 754 1736 luorum
775 1672 803 1735 ei
829 1671 964 1747 decedat,
989 1680 1042 1734 ant
1063 1672 1089 1734 si
1112 1671 1238 1751 aliquod
1261 1671 1398 1746 decedat,
1422 1687 1486 1733 non

395 1778 498 1834 tamen
514 1771 631 1833 ratione
647 1771 856 1834 mutuationis.
873 1793 888 1826 s

438 1870 471 1949 o)
492 1870 536 1933 Ex
552 1869 610 1931 hac
621 1868 793 1932 conditione
805 1869 945 1932 doctores
956 1869 1070 1948 passim
1085 1868 1230 1944 inierunt,
1248 1892 1261 1925 ι
1276 1868 1390 1949 requiri
1402 1867 1484 1948 quod

397 1967 558 2048 pecuniam
574 1967 621 2030 vcl
637 1983 701 2030 rem
717 1967 802 2030 illam
817 1968 856 2031 ad
880 1967 1097 2047 negotiandum
1118 1967 1164 2030 vel
1187 1967 1368 2031 lucrandum
1392 1966 1487 2029 desti·

397 2066 546 2130 naveris»
563 2068 610 2144 la).
630 2067 713 2141 erae
728 2066 890 2130 destinatio
906 2066 1094 2146 intelligatur
1107 2074 1226 2146 oportet
1244 2066 1328 2145 iuxta
1349 2083 1385 2129 ca
1407 2081 1486 2145 qnae

398 2164 436 2228 de
450 2164 607 2227 volontate
622 2163 761 2228 lucrandi
776 2164 985 2243 exposuimus.
1002 2165 1042 2227 Ut
1060 2174 1159 2227 autem
1182 2165 1345 2244 scriptores
1369 2172 1486 2227 veteres

397 2262 435 2326 de
460 2263 517 2325 hau
543 2262 643 2343 prima
668 2261 841 2325 conditione
867 2261 1050 2326 disserentes
1071 2272 1150 2326 recte
1173 2262 1372 2343 explicentur,
1399 2278 1486 2342 prae

320 2395 323 2400 ·
398 2361 502 2428 sertim
519 2361 688 2424 notandum
703 2368 748 2424 est
764 2361 803 2424 al)
819 2361 882 2423 illis
892 2361 1085 2440 inquisitioni
1101 2377 1173 2423 suae
1187 2377 1249 2424 non
1264 2360 1483 2441 praesupponi,

395 2588 515 2646 viduelle
528 2588 823 2646 wahrsoheinliolrkeit
834 2589 882 2645 des
893 2590 1033 2646 Verlnstes
1046 2590 1212 2656 gegenuber.
1220 2605 1236 2634 u
1249 2588 1415 2657 (liutprand
1431 2593 1487 2644 aad

395 2673 570 2738 Zinaprenze.
585 2672 614 2726 in
625 2672 757 2726 Zettroirr.
770 2670 819 2736 fiir
829 2672 929 2725 tethel.
948 2673 1050 2735 Theoi„
1064 2670 1138 2733 1888.
1152 2686 1178 2737 p.
1191 2671 1242 2733 50).

429 2755 463 2809 tt
483 2753 610 2810 laudatus
627 2753 822 2820 auctomento
840 2753 921 2815 diota,
941 2756 1104 2807 voluntatem
1121 2753 1245 2810 lucrandi
1263 2768 1319 2810 non
1338 2753 1391 2809 rite
1409 2754 1487 2810 intel·

396 2835 471 2902 ligit;
496 2841 523 2892 et
546 2836 635 2903 quoad
655 2836 779 2892 lucrandi
800 2837 1002 2901 possidilttotem
1025 2837 1144 2902 gratuito
1167 2837 1298 2902 supponit
1320 2835 1487 2893 creditorem

397 2917 498 2974 debere
516 2934 565 2983 per
583 2921 698 2983 seipsum
716 2919 929 2985 negotiationem
947 2932 1036 2985 agene.
1050 2919 1148 2985 Utique
1166 2918 1236 2973 hano
1253 2917 1377 2974 nltimam
1397 2919 1487 2986 objec-

396 2993 500 3057 tionem
520 3001 644 3057 refellere
661 3003 777 3058 conatur
797 3021 803 3057 :
823 3002 911 3057 «aber
928 3002 974 3057 ein
992 3004 1112 3067 Ausuveg
1128 2999 1215 3056 bleibt
1231 3000 1257 3067 ia
1275 2997 1347 3056 noch
1359 3001 1430 3056 auch
1442 3001 1488 3057 idn

397 3083 451 3140 den
470 3082 806 3156 Gmchdtteuntdohtigem
826 3083 875 3140 der
892 3084 1038 3150 ulduoiger
1056 3084 1159 3139 kdnnte
1176 3083 1235 3139 sein
1256 3082 1322 3139 Geld
1341 3082 1391 3138 aul
1409 3085 1487 3150 Spar·

398 3165 504 3230 kassen,
527 3166 644 3229 Banien,
667 3167 695 3220 in
713 3166 1040 3232 flandelsgesellsoiraiten
1057 3181 1130 3222 new.
1148 3165 1295 3232 anlegen».
1315 3167 1362 3222 Cui
1380 3169 1486 3222 asserto

397 3249 554 3316 respondet,
575 3250 603 3304 in
622 3250 762 3316 prioribus
779 3263 841 3307 esse
858 3251 1018 3316 petitionem
1037 3249 1174 3316 principii,
1193 3248 1283 3315 quoad
1302 3248 1487 3315 «flandetsge

294 3327 295 3330 ’
397 3330 596 3388 sellsehaiten»
614 3335 705 3388 autem
725 3332 826 3388 iterum
844 3345 895 3398 pro
913 3331 1008 3388 multis
1019 3332 1115 3387 deesse
1125 3333 1298 3385 volontatem.
1312 3330 1406 3396 Quoad
1418 3331 1488 3386 hano

396 3414 567 3471 voluntatem
587 3416 615 3470 et
636 3414 846 3480 possibilitatem
868 3413 1002 3478 lucrandi,
1023 3415 1125 3470 iterum
1149 3412 1265 3469 redeunt
1283 3413 1369 3478 diota;
1394 3413 1486 3480 quoad

396 3511 464 3553 vero
485 3496 646 3563 petitionem
667 3496 794 3562 principii
816 3497 844 3551 in
865 3497 1006 3552 montibus
1026 3495 1154 3562 publicis,
1174 3509 1239 3550 mox
1258 3495 1392 3562 quaedam
1412 3498 1488 3552 nota·

397 3580 512 3636 huntur.
531 3579 682 3644 Caeterum,
705 3592 769 3634 oum
786 3581 884 3634 auctor
905 3578 1030 3634 admittat
1046 3580 1083 3644 (p.
1102 3578 1145 3640 52)
1161 3578 1315 3643 generalem
1337 3577 1487 3634 hodiedum

399 3677 460 3720 esse
473 3663 725 3729 praesumptionem
736 3674 771 3716 ex
782 3662 898 3727 pecunia
910 3660 1044 3725 lucrandi,
1057 3661 1130 3728 quod
1151 3659 1251 3717 laetum
1264 3661 1353 3726 ipsius
1364 3661 1488 3716 theoriae

398 3745 609 3801 fundamentum
626 3743 748 3810 praebet,
766 3742 968 3810 obiectionibus
985 3743 1083 3809 positis
1094 3736 1209 3798 ‘videtur
1226 3743 1333 3808 praeter
1351 3743 1487 3799 intentum

401 3826 529 3892 probare.

432 3910 466 3974 (l)
484 3909 522 3967 di.
537 3925 563 3976 p.
577 3909 635 3967 268.

432 3993 466 4056 (i)
484 3990 521 4048 di.
536 4007 570 4048 nr
582 3992 667 4056 Ludo,
682 3993 701 4048 t.
714 4006 749 4058 o,
763 4006 791 4047 n.
804 3990 847 4047 88.

434 4073 468 4136 (3)
485 4072 522 4130 di.
536 4075 679 4141 Wroonns,
693 4077 712 4130 t.
725 4089 760 4140 o.,
773 4089 800 4130 n.
815 4073 857 4130 dd.

430 4156 465 4220 (ll
482 4157 522 4214 Gi.
537 4173 571 4214 nr
583 4159 668 4225 Ludo,
681 4159 715 4214 e.
