3242 4959
438 466 502 512 cau.
520 466 540 510 r.
559 465 679 513 omacra
695 467 769 522 quan
784 467 967 522 cnenuurun.
1186 451 1249 516 sto

156 628 290 692 creditur
304 631 351 707 (rt.
370 630 414 693 lta
434 628 726 704 considerabamus
747 629 885 694 adhiberi
902 638 1002 710 potest
1015 631 1055 696 ad
1076 649 1127 697 res
1148 632 1245 715 frugi·

157 725 238 790 leras
253 726 409 803 emendas,
426 727 519 790 silvas
538 734 568 800 et
587 727 722 807 praedia,
740 726 850 791 domus
871 736 901 791 et
920 729 1069 805 cilicinas,
1086 732 1245 796 machinas

156 832 186 889 et
211 826 425 902 instrumenta,
453 827 515 890 imo
540 826 684 906 opilicum
709 841 818 905 operas
843 843 850 890 :
877 827 931 891 sed
956 843 1027 892 cum
1053 828 1090 892 de
1111 832 1246 910 pecunia

156 939 259 987 sermo
280 923 332 995 sit,
348 939 387 986 ne
404 923 442 986 ad
464 923 630 998 bacculis,
654 923 692 986 da
714 923 825 1004 quibus
847 924 938 995 inira,
955 927 1103 990 transitus
1125 928 1194 991 batt
1212 930 1247 1006 (al

155 1022 241 1088 Idem
254 1039 290 1088 ac
300 1022 338 1086 de
349 1024 477 1104 pecunia
488 1023 652 1087 dicendum
663 1032 710 1087 est
720 1023 758 1087 de
769 1023 928 1088 hodiernis
934 1024 1032 1089 titulis
1043 1025 1161 1102 crediti,
1172 1044 1248 1108 qua·

154 1130 246 1186 tenus
261 1121 299 1185 ad
314 1122 396 1186 idem
407 1123 588 1198 inserviunt,
605 1122 651 1186 vel
667 1132 817 1203 quatenus
832 1122 870 1187 ad
886 1124 969 1188 idem
985 1141 1041 1205 pro
1063 1126 1151 1191 libitu
1171 1141 1245 1192 con*

155 1220 333 1284 creduntur.
350 1222 388 1285 Et
402 1221 444 1284 ita
459 1220 628 1285 absolvitur
643 1230 749 1286 natura
765 1223 913 1303 pecuniae
928 1225 1157 1304 non-capitalis.

197 1319 233 1382 2⁰
253 1318 314 1383 Sed
328 1328 493 1400 praeterea,
511 1329 614 1384 nostra
626 1321 785 1393 sententia,
800 1322 930 1402 pecnnia
941 1339 1001 1404 qua
1013 1324 1096 1398 talis,
1110 1325 1247 1408 adeoque

155 1417 237 1481 tituli
260 1415 419 1497 praedicti,
443 1416 556 1481 babere
576 1426 705 1499 possunt
725 1419 888 1484 utilitatem
909 1421 1144 1498 aestimabilem,
1167 1424 1246 1487 ultra

153 1516 292 1579 valorem
314 1531 404 1579 suum
430 1517 678 1581 commutabilem
704 1533 757 1580 seu
780 1527 1037 1599 repraesentatum
1060 1537 1069 1584 ε
1097 1538 1173 1585 usus
1193 1523 1247 1586 ille

153 1617 370 1690 aestimabilis,
394 1634 411 1680 a
432 1617 601 1681 scolasticis
619 1619 682 1696 jam
704 1626 892 1699 perspectus,
915 1619 1082 1684 hodiedum
1102 1621 1247 1703 frequens

154 1731 224 1781 esse
240 1723 350 1795 potest.
368 1716 424 1790 Qui
440 1723 469 1780 te
484 1718 644 1797 pecuniam
664 1718 710 1780 vel
727 1717 833 1781 titulos
854 1717 961 1781 crediti
982 1720 1081 1799 puscit
1095 1720 1163 1785 ideo
1186 1721 1247 1785 lor-

154 1813 279 1878 maliter
292 1824 325 1878 ut
340 1815 393 1878 illa
405 1815 437 1877 in
449 1830 519 1902 arca
531 1831 586 1878 sna
598 1824 734 1895 reponat,
748 1816 794 1879 vel
808 1817 841 1880 in
853 1819 1092 1898 montepublico
1104 1819 1246 1901 (banquc)

154 1915 194 1979 ad
211 1915 325 1996 pignus
339 1915 482 1994 deponat,
501 1914 611 1994 quihus
632 1915 793 1987 creditum,
809 1917 855 1978 uti
870 1917 967 1990 aiunt,
984 1933 1038 1982 seu
1060 1918 1152 1982 lidem
1166 1919 1247 1983 obti-

154 2021 239 2084 neat,
267 2011 493 2091 aequivalenter
518 2021 546 2074 te
570 2021 658 2093 rogat
679 2028 742 2077 rem
765 2031 801 2077 ex
826 2031 860 2077 se
883 2013 1063 2094 irugileram
1091 2026 1121 2081 et
1147 2017 1246 2081 lucra·

154 2115 262 2176 livam.
280 2112 366 2186 Quod
382 2121 489 2192 sponte
504 2121 587 2194 patet
604 2131 610 2175 :
628 2114 740 2177 etenim
756 2128 804 2178 res
821 2114 886 2188 illa,
904 2132 981 2194 quae
996 2133 1149 2180 summam
1167 2117 1247 2180 divi·

153 2211 270 2275 tiarum
295 2211 436 2284 realium,
463 2228 500 2274 ex
523 2212 693 2291 hypothesi,
718 2227 822 2276 revera
847 2213 978 2287 exhibet,
1006 2214 1039 2276 iu
1064 2215 1165 2294 seipsa
1189 2215 1245 2279 tibi

154 2311 297 2376 subsistit
317 2326 386 2375 cum
408 2311 446 2374 ad
468 2311 583 2375 dictum
605 2328 695 2375 usurn
717 2312 897 2378 adhibeatur
912 2316 958 2391 (ol,
976 2323 1005 2376 et
1026 2313 1153 2376 eandem
1171 2314 1248 2378 dlvi·

153 2412 269 2474 tiarum
284 2426 435 2473 summam
448 2411 591 2474 contiuuo
605 2421 828 2491 repraesentat3
846 2420 959 2488 atvero,
973 2422 1092 2492 praeter
1107 2412 1244 2476 valorum

154 2509 360 2573 substantiam
375 2508 410 2570 iu
424 2525 497 2588 quo,
511 2517 541 2571 et
554 2525 616 2573 non
632 2510 732 2573 solum
747 2510 785 2573 ad
800 2525 905 2589 quam,
920 2509 971 2587 jus
985 2518 1070 2573 tuum
1087 2525 1243 2573 remanere
1332 2554 1353 2579 s

153 2607 349 2688 supponitur,
368 2607 477 2670 tribuis
500 2607 586 2670 alteri
611 2624 712 2672 veram
736 2608 872 2688 aliquam
894 2608 1057 2672 utilitatem
1078 2607 1244 2671 hodiedum

153 2707 290 2770 maxime
305 2704 538 2780 aestimabilem,
556 2707 734 2786 etquidem,
752 2706 833 2785 quod
849 2720 911 2770 uon
926 2704 1239 2785 praetermittendum,

153 2806 320 2870 utilitatem
335 2804 373 2868 ab
388 2805 517 2868 utilitate
533 2821 585 2868 seu
598 2821 653 2870 usu
666 2807 812 2886 pecuniae
823 2823 883 2886 qua
895 2806 966 2869 talis
977 2821 1102 2886 prorsus
1114 2799 1243 2869 distinc-

153 2914 219 2969 tam
231 2923 238 2967 :
250 2915 280 2968 et
290 2905 348 2968 hoc
360 2905 405 2967 vel
418 2921 453 2967 ex
465 2919 500 2966 eo
512 2905 667 2983 probatur,
677 2905 758 2985 quod
770 2905 906 2969 excludis
916 2921 1058 2985 expresse
1069 2905 1244 2968 facultatem

154 3003 312 3068 valoribus
327 3002 365 3065 ad
380 3001 632 3064 commutationes
647 3018 702 3082 pro
716 3003 805 3066 libitu
825 3003 941 3072 utendi.
959 3003 1075 3082 tibique
1091 3003 1149 3083 ipsi
1165 3003 1245 3067 hanc

153 3102 332 3166 facultatem
353 3115 499 3163 reservas.
522 3100 558 3163 lit
579 3109 680 3163 tamen
702 3101 852 3166 eredendo
870 3103 1030 3181 pecuniam
1052 3110 1146 3178 tuam,
1165 3119 1192 3164 v.
1210 3119 1243 3182 g.

189 3315 336 3382 (liliaque
356 3315 522 3380 nullatenus,
543 3329 606 3371 curn
627 3315 767 3372 nonnullis
791 3314 939 3371 moralistis
959 3314 1110 3381 hodiernis,
1133 3319 1243 3374 restrin-

155 3399 248 3465 gimus
265 3401 390 3454 naturam
408 3399 539 3464 pecuniae
556 3399 747 3464 non-capitalis
764 3397 797 3453 ad
816 3416 832 3446 «
848 3399 993 3464 pecuniam
1010 3412 1064 3465 qua
1082 3398 1173 3455 debila
1191 3401 1244 3456 sol·

155 3483 256 3536 vantur
267 3495 292 3534 ».

188 3563 223 3626 (i)
239 3563 334 3628 Itaque
344 3574 488 3618 censemus
496 3574 620 3626 magnam
630 3559 715 3617 latere
723 3559 974 3626 aequivocationem
984 3560 1012 3616 in
1021 3559 1103 3616 modo
1113 3560 1243 3627 loquendi

155 3645 296 3703 communi
314 3645 573 3709 oeconomislarum,
592 3658 657 3711 uuo,
670 3646 863 3700 enumerantes
882 3642 1016 3700 elementa
1036 3644 1108 3698 varia
1128 3644 1244 3710 capitale

155 3728 365 3792 constituentia,
391 3726 463 3784 inter
486 3728 614 3794 primaria
637 3727 778 3794 pecuniam
802 3730 910 3793 ponunt
934 3728 962 3782 el
984 3727 1125 3790 speciatim
1147 3727 1243 3783 salaria

156 3812 298 3880 opificum.

188 3893 223 3958 (3)
240 3893 316 3949 Tunc
327 3906 410 3949 verus
421 3893 538 3948 habetur
548 3894 705 3948 contractus
724 3894 862 3946 locutionis
874 3911 883 3948 :
895 3891 929 3947 ad
941 3891 1059 3948 eundem
1071 3905 1162 3955 usum,
1175 3907 1201 3948 v.
1215 3907 1242 3959 g,

156 3990 221 4033 vere
230 3975 314 4032 locari
323 3979 416 4042 posset
424 3975 533 4030 adamas
542 3975 688 4041 pretiosus,
699 3975 746 4041 uui
757 3973 814 4031 lere
822 3974 930 4031 nullum
938 3974 1023 4028 alium
1033 3973 1115 4031 habet
1123 3973 1244 4031 valorem

156 4072 234 4118 usus.
245 4071 327 4123 quam
339 4057 418 4114 illum
427 4071 509 4123 quem
518 4056 675 4120 llnvnnnus,
685 4060 749 4122 post
758 4055 925 4119 scolasticos,
935 4055 970 4111 de
978 4055 1094 4121 pecunia
1102 4057 1243 4121 speciatim

155 4141 260 4196 notavit
274 4157 281 4194 ε
295 4153 386 4206 nopes
396 4138 567 4202 ostentando,
581 4137 713 4201 ornando,
726 4140 837 4204 aspectu
850 4136 910 4204 ejus
921 4136 1103 4193 delectando»
1115 4139 1245 4202 (boando

155 4222 231 4276 Pars
243 4222 363 4284 Decrevi,
376 4235 400 4277 c.
413 4221 489 4286 livii,
504 4234 530 4275 n.
544 4219 612 4283 idi).

1089 4309 1121 4361 15
