3242 4959
430 431 492 497 tto
792 451 865 496 rans
879 450 1002 496 333333.
1018 449 1098 496 secr.
1114 450 1147 494 3.

431 611 485 675 des
499 611 592 675 Gutes
605 633 633 686 s,
650 611 707 674 rite
721 612 920 691 perspiciant,
937 619 966 675 et
980 611 1141 693 speciatim
1155 609 1266 691 quoda
1276 609 1365 674 bouis
1378 609 1516 673 realibus

430 711 520 775 etiam
535 711 635 792 primo
650 727 708 775 usu
722 710 1013 792 consumptibilibus
1026 710 1160 773 valorem
1180 708 1315 789 aliquem
1335 707 1449 771 realem
1468 724 1514 770 se·

430 821 556 890 gregem
568 809 621 889 qui
637 809 677 872 sit
694 810 790 872 «eine
812 808 966 872 dauernde
987 808 1162 888 Grundlage
1183 807 1268 870 einer
1281 807 1450 886 Nutzung»
1468 807 1512 882 (r).

429 911 607 989 Postquam,
625 908 656 970 in
672 909 729 972 bac
744 909 882 972 Sectione
897 917 926 971 et
941 907 1070 988 passim,
1086 906 1277 971 ostendimus
1296 920 1389 985 quam
1405 905 1515 968 absur·
1595 904 1596 969 l

430 1008 503 1074 dum
518 1009 590 1071 sita
610 1008 700 1071 bonis
720 1007 856 1071 realibus
877 1007 1010 1071 valorem
1032 1007 1167 1086 aliquem
1190 1004 1320 1070 idealem
1340 1003 1518 1068 abstrahere
1595 992 1596 1027 l

430 1109 482 1188 qui
506 1115 682 1188 permaneat
705 1116 867 1186 postquam
892 1123 942 1170 res
962 1114 1161 1186 consumptae
1175 1105 1248 1178 sint,
1264 1120 1318 1167 seu
1338 1104 1442 1183 potius
1462 1102 1516 1182 qui

429 1215 501 1271 tuno
514 1207 661 1270 adimatur
675 1206 767 1269 realis
780 1208 827 1282 (3).
845 1222 907 1268 333
922 1213 1007 1269 vacat
1021 1205 1120 1267 iuboo
1129 1204 1192 1282 jam
1206 1202 1357 1266 insistere.
1372 1204 1516 1282 tegatur,

430 1306 456 1368 si
471 1307 580 1386 placet,
597 1305 654 1368 bae
669 1303 706 1368 de
727 1304 917 1384 quaestione,
932 1319 1010 1384 opus
1031 1302 1241 1367 doctissimum
1263 1301 1387 1381 saepius
1408 1298 1514 1364 lauda·

429 1411 493 1467 tum
521 1405 556 1468 u.
574 1419 633 1467 von
655 1402 901 1467 Bdbm·Bawerlr.
926 1402 1071 1477 Quamvis
1092 1410 1197 1464 auctor
1225 1398 1322 1464 multa
1345 1405 1519 1479 propugnet

429 1518 507 1582 quae
528 1517 599 1566 oum
620 1501 770 1565 sententia
791 1512 896 1565 nostra
916 1501 1092 1566 nuliatenus
1112 1498 1272 1580 quadrent,
1289 1498 1430 1578 quamvis
1454 1497 1518 1560 imo

344 1681 346 1686 Ι
429 1601 571 1681 explicite
593 1608 723 1679 systema
745 1599 883 1663 adstruat
900 1599 993 1680 quod,
1012 1609 1046 1663 ut
1064 1600 1152 1677 jacet,
1170 1613 1296 1678 prorsus
1316 1594 1515 1675 rejiciendum
1596 1640 1597 1661 r

429 1699 577 1775 rideatur,
600 1715 784 1780 magnopere
805 1708 908 1763 tamen
929 1700 967 1764 de
982 1699 1108 1763 seientia
1128 1697 1314 1761 oeconomica
1328 1696 1458 1760 meritus
1472 1702 1518 1759 est
1596 1688 1597 1697 ’

429 1798 568 1878 eoquod
596 1797 780 1878 multiplices
801 1798 1019 1862 abstractiones
1045 1798 1078 1860 in
1102 1815 1139 1862 ea
1163 1797 1290 1861 seientia
1315 1796 1520 1860 communiter

429 1895 582 1959 admissas
605 1905 726 1960 strenue
748 1895 953 1973 debellaverit,
970 1905 1000 1961 et
1019 1896 1174 1978 imprimis
1193 1896 1234 1960 ad
1254 1911 1356 1959 rerum
1376 1902 1517 1958 naturam

430 1995 542 2058 relabor
557 1995 729 2060 attenderit.
747 1996 785 2060 Et
800 1996 832 2058 in
854 1996 1004 2076 praesenti
1020 1996 1144 2076 quidem
1166 1996 1355 2076 quaestione,
1372 1995 1517 2075 indepen-

430 2094 536 2157 denter
561 2093 599 2158 ab
624 2095 708 2158 omni
734 2094 839 2158 subola
853 2096 901 2171 (3),
917 2093 956 2158 ad
978 2094 1109 2158 eundem
1130 2102 1310 2175 conceptum
1334 2093 1458 2158 devenit
1482 2092 1521 2154 da

462 2276 497 2339 (t)
514 2275 612 2331 «duob
642 2274 775 2332 maleriell
802 2275 994 2341 verqangltehe
1023 2275 1081 2332 und
1103 2275 1165 2332 blos
1187 2277 1325 2342 temporir
1347 2275 1520 2331 branobbare

429 2350 524 2413 Gliter,
537 2350 573 2405 ita
585 2349 727 2414 Burmann,
740 2348 831 2405 lassen
849 2349 907 2405 siob
924 2349 1012 2407 durob
1031 2349 1209 2416 bestindigen
1220 2348 1423 2406 Formweobsel
1436 2353 1520 2406 unler

428 2422 608 2479 Fortbestand
629 2422 678 2478 des
698 2423 907 2480 Tausobwertos
925 2438 956 2480 so
975 2425 1004 2480 in
1021 2424 1101 2480 Flnss
1117 2424 1243 2492 bringen,
1262 2423 1325 2480 dass
1344 2424 1385 2479 sie
1403 2422 1451 2479 ldr
1467 2423 1519 2480 den

429 2495 571 2552 Gebrauob
589 2495 791 2562 Bealiandigkeit
808 2497 947 2565 erlangen.
962 2500 1038 2554 bann
1055 2499 1122 2554 ldsst
1138 2495 1208 2563 siob,
1220 2499 1278 2555 wie
1295 2499 1338 2554 bei
1356 2498 1412 2554 den
1424 2498 1518 2555 dauer-

428 2569 606 2632 benennon
625 2570 669 2626 bei
688 2569 740 2626 den
758 2570 871 2633 Gdlern,
884 2572 993 2629 welobe
1011 2576 1093 2629 uuter
1109 2572 1289 2630 Fortbestand
1307 2573 1381 2629 ibres
1402 2574 1519 2630 Tausob·

430 2649 533 2702 wertes
545 2643 687 2711 qualitaliv
705 2645 764 2700 ibre
782 2646 864 2701 Form
882 2645 996 2708 andern,
1016 2645 1107 2703 dieser
1122 2647 1262 2704 Gebrauob
1281 2647 1322 2702 als
1339 2647 1385 2703 ein
1403 2648 1458 2703 Gut
1477 2646 1520 2702 fur

431 2719 500 2781 siob,
522 2718 562 2774 als
581 2719 708 2785 Nutzuug
725 2718 870 2780 nudassen.
892 2720 937 2776 die
957 2721 1042 2777 selbst
1062 2721 1241 2777 Tausebwert
1262 2721 1392 2786 erlanqen
1415 2721 1523 2776 kann»
1598 2776 1599 2781 ,

431 2792 468 2850 Cl.
482 2792 698 2856 Bduu-Brwsar,
712 2808 754 2858 op.
767 2808 802 2856 o..
816 2795 836 2858 l,
849 2809 877 2860 p.
889 2793 948 2850 tut.
961 2825 995 2836 -
1006 2794 1123 2850 Fandem
1135 2795 1269 2851 theoriam
1286 2796 1420 2861 peouniae
1435 2794 1520 2862 appli-
1598 2788 1599 2805 ¹

430 2872 517 2925 oetam
529 2867 683 2924 invenimus
695 2867 768 2933 apud
779 2868 913 2934 quosdam
925 2869 1078 2936 theologos.
1092 2868 1130 2926 cl.
1144 2883 1237 2936 supra,
1251 2884 1278 2936 p.
1291 2869 1412 2926 amito,
1598 2878 1599 2905 ³

463 2943 497 3006 (i)
513 2941 619 2997 Etenim
630 2944 775 3008 antequam
787 2942 868 2998 bonis
881 2943 935 3000 illis
947 2944 1047 3011 aliquis
1059 2945 1156 3007 utitur,
1170 2943 1312 3010 possident
1327 2943 1522 3000 tantummodo
1598 2978 1599 2981 =

429 3016 550 3073 valorem
562 3017 799 3082 commutationis;
819 3017 866 3073 sed
879 3032 943 3075 eum
955 3019 1056 3085 aliquis
1074 3020 1108 3074 iis
1126 3033 1194 3074 usus
1211 3023 1263 3084 est,
1276 3017 1387 3074 debebit
1405 3019 1523 3074 reddere

430 3092 509 3148 illum
521 3092 640 3148 valorem
652 3095 680 3148 et
692 3092 805 3159 insuper
818 3093 937 3159 prelium
949 3108 1018 3150 usus
1030 3113 1037 3150 :
1051 3094 1123 3156 ideo,
1135 3094 1221 3159 aiunl,
1235 3095 1300 3161 quia
1311 3108 1390 3158 usus,
1403 3095 1522 3150 seorsim

431 3166 618 3231 asubstanlia,
633 3150 823 3223 soilffseorsim
839 3182 854 3222 a
870 3168 962 3225 valore
977 3169 1026 3236 qui
1043 3169 1072 3224 in
1090 3183 1120 3224 se
1138 3172 1287 3236 permanet,
1299 3168 1438 3226 venditur.
1452 3169 1522 3224 «lob

432 3240 534 3296 konnte
544 3238 643 3295 darauf
653 3239 817 3304 binweisen,
836 3241 872 3297 ita
890 3241 1109 3307 Boram-Burrum,
1122 3244 1178 3299 wie
1193 3243 1313 3309 seltsam,
1325 3242 1351 3310 ia
1366 3257 1416 3298 aus
1434 3243 1524 3299 Komi-

432 3312 498 3368 sobe
515 3311 646 3369 slreiiend
659 3312 705 3368 die
716 3314 858 3370 Anuahme
876 3315 920 3377 ist,
934 3316 997 3373 dass
1016 3317 1044 3372 in
1060 3317 1124 3373 dem
1142 3317 1334 3383 dugenbliolre,
1347 3317 1387 3372 als
1405 3317 1451 3372 ein
1469 3318 1523 3372 Gut

432 3385 521 3442 dureb
540 3387 634 3443 seinen
655 3388 815 3454 gauzlioben
830 3390 1048 3457 ersobdplenden
1065 3392 1220 3447 verbrauob
1238 3390 1349 3448 botisob
1369 3406 1404 3444 zu
1423 3395 1523 3445 naitzen

431 3459 594 3591 auqfqmq'fes
605 3462 668 3518 eino
679 3463 1030 3592 perpeffigrllobeNutzung
1045 3465 1203 3532 abzugeben
1219 3467 1277 3522 erst
1293 3465 1370 3522 reebl
1386 3465 1523 3533 oafuupao

432 3549 463 3590 so
493 3550 519 3590 ›>.
563 3549 673 3600 .op.o.,
699 3552 747 3603 ,p.
813 3579 820 3591 .

464 3608 499 3672 (3t
517 3609 618 3666 Scribit
629 3611 727 3666 merito
742 3629 748 3666 :
767 3628 783 3659 a
794 3611 937 3669 seltsamer
954 3613 1045 3670 Weise
1062 3613 1136 3669 stebt
1153 3613 1245 3670 dieser
1262 3614 1336 3670 mein
1351 3613 1475 3670 Versnob
1495 3614 1523 3668 in

431 3683 480 3739 der
492 3684 829 3742 nationaldkonomisoben
840 3687 976 3743 literatus
994 3686 1046 3743 last
1061 3687 1146 3754 voltis
1161 3687 1252 3743 isolirt
1262 3687 1329 3743 da...
1342 3686 1413 3743 dder
1423 3687 1524 3753 gebdrt

431 3771 460 3813 es
473 3758 549 3814 niobt
561 3774 593 3814 zu
608 3757 661 3814 den
673 3761 799 3824 grossten
808 3759 1088 3822 Wunderlioblreiten,
1099 3775 1183 3817 wenn
1191 3762 1220 3818 in
1229 3762 1305 3818 einer
1314 3760 1523 3825 Wissensobait,

432 3829 543 3887 dievon
556 3830 715 3898 antenatus
731 3848 765 3888 zu
785 3832 859 3890 Ende
876 3834 935 3890 siob
954 3849 1002 3891 um
1020 3834 1065 3892 die
1081 3834 1417 3902 Beddrlnisbelriediqung
1432 3835 1523 3892 durob

432 3904 526 3968 Gliler,
539 3920 588 3960 um
604 3904 649 3961 die
662 3905 885 3974 Nutzbeziehunq
900 3909 1040 3965 zwisoben
1058 3909 1166 3965 llensoh
1184 3909 1241 3965 und
1260 3909 1313 3966 Gut
1329 3911 1371 3966 als
1383 3925 1430 3966 um
1442 3911 1522 3966 ibren

433 3977 607 4044 Angelpunlrl
619 3978 709 4043 drebt,
723 3979 769 4035 die
786 3981 944 4038 teobnisobe
962 3983 1090 4038 Struotur
1106 3982 1156 4039 des
1175 3982 1375 4040 Gdlernutzens
1385 3997 1434 4048 gar
1445 3983 1522 4038 niobt

434 4049 532 4107 einmal
545 4053 709 4109 untersuobt
722 4053 811 4109 wind?
828 4055 895 4112 oder
910 4069 995 4112 wenn
1013 4058 1042 4112 in
1060 4056 1204 4112 derselben
1216 4056 1419 4119 Wisseusebalt,
1432 4057 1461 4112 in
1473 4055 1525 4112 der

434 4123 503 4180 tiber
525 4141 575 4192 gar
596 4128 729 4185 manohen
752 4129 872 4186 anderen
894 4131 998 4198 tegrin
1014 4132 1114 4195 Seiten,
1134 4131 1245 4198 Capitel,
1265 4131 1290 4198 ia
1308 4131 1521 4198 lionoqrapbien

435 4198 567 4264 angetullt
584 4201 706 4268 werden,
725 4203 775 4260 der
792 4204 998 4272 grundlegende
1018 4205 1121 4273 Begriff
1136 4205 1300 4263 «Gebraueb
1319 4205 1395 4262 eines
1415 4206 1522 4261 Gutes»
