3242 4959
493 483 556 529 car.
574 484 606 531 0.
622 483 660 529 nn
674 483 841 530 00000οτ0
856 483 986 530 canunt.
1226 468 1288 533 aet

196 651 320 723 insuper
341 666 404 714 non
425 651 595 731 probabilis
615 658 661 715 est
681 650 753 714 talis
774 650 960 730 legislatoris
981 657 1127 731 potestas.
1145 653 1202 716 llio
1223 668 1285 716 non

196 753 296 832 agitur
310 751 348 815 de
363 751 498 831 praemio
514 751 569 814 illo
583 752 665 831 quod
685 751 833 831 Prinoeps
848 750 894 813 vel
917 757 1014 813 status
1035 750 1094 815 sibi
1116 753 1283 815 mutuanti-

196 851 253 915 bus
265 852 346 930 J'uste
361 850 519 926 tribueret,
533 851 586 914 sed
601 851 639 914 de
654 851 790 933 praemio
806 849 887 931 quod
900 851 1057 931 Princeps,
1071 850 1110 914 ob
1121 851 1283 930 utilitatem

196 950 350 1031 publicam
372 966 408 1013 ex
434 950 539 1013 crebra
558 951 746 1014 mutuatione
767 950 940 1025 oriundam,
964 948 1113 1030 obligaret
1133 948 1285 1015 debitores

195 1060 228 1112 ut
257 1048 392 1112 tribuant
420 1048 631 1112 creditoribus.
663 1046 863 1128 depraensa
888 1044 922 1109 in
948 1047 1125 1127 quaestione
1150 1057 1286 1113 versatur

195 1156 298 1211 utrum
313 1148 365 1211 tali
382 1155 493 1212 statuto
514 1162 649 1227 unquam
670 1147 819 1210 intentum
842 1145 1038 1210 obtineretur.
1055 1148 1163 1210 Nonne
1183 1148 1286 1227 potius

194 1245 301 1312 eodem
320 1245 411 1310 modo
426 1253 504 1310 esset
524 1245 717 1310 statuendum
742 1262 778 1309 ae
799 1245 831 1306 in
853 1244 1110 1324 praescriptione?
1125 1245 1156 1308 Si
1180 1245 1285 1310 crebra

195 1344 341 1426 pecuniae
362 1345 511 1408 mutuatio
531 1344 650 1407 videtur
671 1345 751 1408 bono
771 1344 924 1407 communi
948 1344 1130 1418 necessaria,
1147 1352 1177 1408 et
1196 1346 1235 1421 si,
1252 1352 1285 1408 ut

195 1447 388 1526 supponitur,
405 1462 597 1526 possessores
619 1447 779 1526 pecuniam
800 1462 888 1509 suam
910 1446 948 1510 ad
971 1447 1050 1510 banc
1071 1447 1284 1510 necessitatem
1303 1492 1305 1497 -

196 1552 302 1626 sponte
318 1561 379 1609 non
394 1545 540 1626 dirigunt,
559 1544 611 1608 sed
627 1553 749 1608 econtra
769 1546 799 1607 in
815 1561 886 1609 arca
900 1552 1065 1620 reservant,
1085 1545 1128 1608 illi
1146 1546 1283 1626 praecise¹

195 1643 327 1707 odicium
354 1658 443 1706 suum
469 1643 591 1713 sociale,
620 1643 683 1706 sive
709 1643 902 1724 culpabiliter
925 1643 988 1706 site
1014 1660 1086 1720 non,
1109 1643 1284 1707 nullatenus

194 1741 324 1821 implent
341 1758 349 1804 :
366 1748 395 1804 et
409 1741 466 1806 boc
482 1741 605 1821 quidem
621 1742 652 1804 in
668 1742 908 1822 praescriptione
928 1749 1080 1822 spectatur
1105 1743 1156 1806 ubi
1179 1750 1282 1806 contra

194 1839 335 1904 dominos
356 1855 391 1904 ac
409 1839 574 1904 creditores
594 1840 766 1905 incuriosos
788 1841 946 1919 statuitur;
963 1840 1044 1904 unde
1062 1841 1120 1905 sub
1140 1842 1198 1905 boc
1218 1858 1282 1906 res·

193 1946 281 2018 pactu
303 1954 364 2002 000
385 1936 471 2002 adest
491 1937 633 2020 analogia
654 1955 723 2004 cum
745 1940 997 2020 praescriptione.
1016 1940 1103 2016 Quod
1118 1940 1282 2005 dicendum

194 2037 312 2100 videtur
336 2053 371 2101 eo
401 2037 447 2100 vel
477 2037 588 2118 magis,
619 2039 712 2118 quod,
743 2055 837 2103 onera
865 2039 1055 2104 debitoribus
1083 2039 1279 2121 imponendo,

193 2135 313 2198 etiamsi
326 2135 378 2198 ille
395 2135 464 2199 finis
478 2135 629 2216 generalis
645 2135 682 2199 de
697 2135 775 2200 iacto
791 2137 989 2214 obtineretur,
1006 2146 1037 2201 et
1050 2138 1170 2201 etiamsi
1185 2138 1282 2202 multa

194 2234 343 2298 inirentur
354 2241 459 2297 mutua
471 2235 689 2314 productionis
704 2236 795 2299 simul
809 2253 902 2300 onera
918 2238 1147 2318 imponerentur
1161 2238 1282 2301 mireris

193 2343 222 2398 et
243 2335 281 2397 iis
303 2336 355 2415 qui
382 2343 485 2398 mutua
507 2335 612 2398 ineunt
632 2338 915 2400 consummationis.
940 2340 983 2402 Ea
1005 2338 1117 2418 quibus
1138 2337 1282 2401 omnibus

193 2449 249 2496 nec
263 2432 387 2497 secundi
402 2434 508 2497 asserti
531 2434 732 2514 probabilitas
752 2435 940 2499 admittenda
962 2436 1091 2501 videtur.
1109 2435 1195 2500 Unde
1210 2442 1278 2499 tan·

193 2530 262 2594 dem
277 2538 423 2594 statutum
439 2532 509 2608 tale,
526 2532 556 2594 vi
572 2532 659 2612 cuius
674 2534 706 2596 in
727 2533 785 2597 boo
806 2534 957 2615 praesenti
979 2540 1146 2611 contractu,
1163 2533 1277 2613 absque

192 2631 253 2696 alio
275 2632 374 2708 titulo,
391 2649 428 2695 ex
447 2631 565 2710 justitia
586 2632 730 2696 solvenda
752 2632 815 2696 sint
828 2633 888 2696 105
903 2649 958 2713 pro
974 2632 1045 2709 lot,
1063 2630 1197 2695 validum
1213 2647 1279 2696 esse

193 2745 254 2793 non
269 2746 440 2795 censemus.

233 2832 295 2894 Nec
310 2828 401 2894 refert
415 2830 496 2910 quod
510 2830 680 2912 aequalitas
694 2830 818 2894 aliunde
834 2837 897 2893 tum
919 2828 1066 2894 indirecte
1088 2838 1153 2894 tum
1173 2829 1280 2894 forsan

157 2933 161 2941 '
192 2928 305 2993 directe
320 2939 424 3009 postea
438 2929 623 2994 restituatur.
641 2932 719 2994 Nam
733 2937 905 2994 contractus
920 2929 970 2994 bic
988 2946 1133 3010 praesens
1153 2938 1199 2994 est
1219 2931 1277 2994 ati·

193 3028 266 3107 quid
282 3028 315 3092 in
330 3045 362 3091 se
377 3028 563 3103 absolutum,
579 3036 609 3093 et
623 3028 658 3090 io
671 3045 704 3091 sc
717 3028 933 3108 aequalitatem
947 3030 993 3092 vel
1018 3029 1275 3110 inaequalitatem,

190 3127 338 3206 justitiam
355 3127 400 3190 vel
417 3127 597 3205 injustitiam
612 3127 756 3191 continet.
774 3128 879 3191 Posito
894 3135 994 3192 autem
1009 3137 1196 3192 contractum
1213 3129 1276 3193 lieri

192 3226 345 3290 voluntate
367 3227 619 3301 contrabentium,
644 3226 732 3306 plene
759 3226 935 3291 conceditur
955 3227 1183 3290 contrahentem
1207 3228 1277 3308 plus

192 3341 282 3406 posse
307 3333 414 3405 sponte
439 3325 571 3388 tribuere
596 3341 687 3404 quam
709 3324 746 3387 ad
769 3325 994 3405 aequalitatem,
1017 3325 1108 3389 etiam
1131 3342 1200 3390 oum
1221 3343 1276 3407 spe

192 3424 262 3504 plus
276 3431 379 3504 postea
395 3423 529 3487 vicissim
541 3423 710 3488 obtinendi.
728 3424 787 3487 Sed
802 3424 939 3503 quaestio
955 3424 992 3488 de
1007 3425 1065 3488 hoe
1079 3442 1140 3488 non
1161 3426 1272 3506 agitur.

192 3521 230 3585 m
243 3521 302 3584 nisi
315 3520 416 3584 omnia
431 3520 582 3601 susdeque
598 3528 761 3598 vertantur,
775 3521 916 3602 singulus
930 3530 1103 3586 contractus
1118 3524 1149 3586 in
1165 3523 1276 3604 seipse

192 3627 344 3700 spectatus
356 3611 504 3700 justitiam
520 3622 683 3702 importare
699 3621 798 3686 debet.
812 3622 903 3703 Ergo,
918 3622 1064 3703 quidquid
1082 3623 1122 3686 sit
1133 3623 1170 3687 de
1181 3623 1272 3700 iacto,

192 3719 281 3784 titulo
297 3719 387 3801 legali
404 3721 503 3800 quoad
519 3721 727 3800 quaestionem
740 3720 818 3799 juris
833 3722 950 3786 nullam
964 3721 1208 3803 probabilitatem
1223 3723 1275 3787 tri·

192 3818 325 3883 buimus.
