3242 4959
436 442 499 486 car.
525 441 545 485 r.
569 440 702 487 msrorun
723 441 918 497 quunsnours.
1199 425 1218 489 3

119 620 211 667 :ausu
233 603 392 667 temerario
405 608 549 667 ‘asserere
571 605 727 667 attentavit
743 606 788 683 (1).
812 605 891 679 Quid
911 611 1012 669 autem
1034 620 1125 669 usura
1146 613 1221 669 tuno

121 702 263 779 audiret,
288 712 350 765 non
373 712 419 765 est
440 718 493 766 cur
513 713 739 783 praenotemus.
760 704 843 777 Quae
864 704 925 766 ‹in
945 712 1101 768 contractu
1121 703 1218 765 mutui

132 801 290 881 propriam
310 817 398 865 suam
422 800 525 863 sedem
548 809 577 864 et
591 802 691 865 locum
705 802 823 867 hahens
839 805 877 881 (a)
891 825 920 879 r,
937 809 1130 881 caeterosque
1146 817 1218 864 con-

122 908 249 963 tractus
264 908 382 962 tantum
395 900 533 963 inliciens
549 901 581 963 in
596 910 744 980 quantum
759 901 798 964 ad
813 910 953 965 mutuum
968 900 1071 965 reduci
1087 901 1215 981 possint,

128 998 305 1062 formaliter
320 1000 535 1078 inaequalitate
552 999 613 1062 clati
634 1008 664 1062 et
685 1001 799 1081 accepti
816 1000 983 1064 constabat.
1001 1000 1112 1064 Schola
1126 998 1219 1062 tradit
1233 1010 1236 1013 ·

128 1098 276 1161 universa
298 1098 479 1176 aequitatem
499 1098 615 1165 abesse.
634 1114 713 1167 cum.
732 1100 862 1178 pecunia
877 1099 1027 1179 rebusque
1042 1100 1141 1178 primo
1161 1115 1217 1161 usu

120 1197 422 1277 consumptibililaus
438 1208 542 1261 mutuo
558 1199 691 1274 creditis
709 1199 827 1278 aliquid
845 1200 1044 1280 appretiabile
1061 1199 1140 1262 ultra
1156 1216 1219 1262 sor·

126 1304 195 1361 tem
211 1297 368 1372 creditam,
385 1296 483 1377 ipsius
498 1298 595 1375 mutui
611 1314 712 1373 causa,
730 1299 787 1362 lroc
802 1307 847 1361 est
864 1299 960 1361 solius
981 1315 1055 1361 usus
1075 1314 1216 1361 remune-

132 1397 221 1470 randi
244 1397 353 1476 gratia,
377 1414 393 1459 a
416 1404 572 1459 mutuante
594 1398 765 1476 accipitur:
783 1398 825 1459 ita
845 1398 927 1459 enim
951 1397 1069 1460 urendi
1090 1397 1217 1461 eandem

133 1512 198 1559 rem
215 1495 275 1569 bis,
292 1495 338 1557 vel
355 1495 444 1558 vendi
460 1495 491 1558 id
507 1496 588 1575 quod
602 1512 664 1558 non
679 1503 752 1557 est»
770 1498 778 1572 (
796 1499 818 1572 ).

177 1595 263 1669 Quod
278 1612 339 1659 non
355 1596 539 1676 impediebat
558 1596 722 1675 quominus
740 1597 803 1675 jam
826 1597 940 1673 liceret,
964 1598 1063 1661 Medio
1085 1615 1160 1662 aevo
1179 1601 1218 1664 ad

135 1696 229 1757 linem
254 1694 412 1775 vergente,
440 1695 584 1758 omnihus
605 1696 651 1758 vel
677 1695 830 1775 plerisque
856 1697 1132 1774 consentientium,
1156 1708 1218 1763 tam

135 1803 242 1856 mutuo
258 1810 349 1872 quam
365 1794 569 1857 contractibus
585 1794 655 1857 aliis
669 1793 706 1856 de
722 1795 851 1873 pecunia
867 1805 1026 1874 quaestum
1041 1795 1151 1860 lacere.

177 1893 215 1955 El
227 1892 327 1971 primo
343 1892 477 1971 quidem,
495 1892 594 1972 quoad
610 1902 760 1965 mutuum,
778 1902 949 1973 temporum
965 1895 1220 1975 scientiarumque

135 2008 299 2072 progressu
315 1990 428 2055 iactum
442 1999 488 2055 est
502 2001 536 2054 ul
551 1992 630 2054 tituli
647 1993 771 2072 quidam
784 1993 903 2056 lucrum
915 1994 1032 2057 licitum
1043 1994 1218 2072 fundantes,

121 2090 302 2153 ¹contractui
323 2090 483 2153 extrinseci
504 2099 533 2152 et
547 2091 759 2166 accidentales,
777 2091 890 2155 nedum
909 2093 1088 2156 essentiales
1102 2103 1131 2156 et
1147 2111 1220 2157 oon-

137 2188 315 2250 naturaliter
336 2188 432 2262 insiti,
458 2188 605 2251 domnam
626 2198 698 2270 puta
720 2208 884 2271 emcrqcns,
909 2192 1173 2275 locromcccsons,
1192 2204 1221 2257 et

135 2287 310 2367 pericolum
320 2287 425 2362 sortis,
439 2278 675 2367 agnoscerentur
683 2291 729 2366 (a).
739 2292 855 2369 Nempe
865 2290 1003 2353 doctores
1015 2292 1127 2355 saeculi
1139 2294 1217 2368 xvl,

124 2545 248 2599 quaeso,
259 2535 325 2587 luno
337 2533 468 2600 temporis
480 2532 619 2587 invenitur
630 2547 683 2588 vox
695 2548 778 2587 asaro
791 2534 820 2588 in
831 2548 913 2590 sensu
926 2534 990 2590 illo?
1002 2535 1112 2600 Quoties
1124 2549 1221 2603 nempe

137 2615 165 2670 in
189 2615 241 2670 hoo
264 2630 346 2671 sensu
366 2616 495 2678 sumItur,
519 2615 621 2671 dicitur
646 2619 739 2681 aperte
760 2631 856 2683 proves
877 2621 1101 2671 inamooerotocve
1122 2634 1221 2673 usurae

136 2696 180 2759 (ci.
194 2711 271 2753 conc.
285 2699 405 2753 lateran.
416 2699 467 2761 IV).
481 2699 534 2753 Nec
546 2699 573 2753 in
585 2699 696 2754 decreto
705 2713 782 2755 conc.
793 2700 1063 2767 Viennensisaliquid
1077 2702 1167 2757 innuit
1177 2704 1221 2768 agi

130 2781 171 2853 lde
182 2782 416 2847 praelusorum,
429 2781 553 2847 quamvis
565 2782 593 2836 in
606 2782 684 2837 initio
696 2781 798 2837 decreti
810 2783 948 2847 agaturde
955 2785 1079 2849 cranous
1087 2786 1219 2843 enemim.

138 2876 344 2929 nonnumquam
353 2863 490 2928 impositis
503 2863 613 2930 illisqui
625 2878 721 2919 usuras
731 2864 898 2930 repetebant.
909 2866 994 2929 Quem
1003 2865 1116 2921 modum
1124 2868 1221 2934 agendi

125 2946 285 3001 *concilium
302 2946 420 3009 damnat,
433 2947 496 3012 quia
515 2945 676 3011 simpliciter
693 2960 790 2999 corros
808 2961 935 3001 coercere
952 2954 991 2999 est
1007 2955 1152 3012 peccatam.
1169 2950 1222 3005 Nec

137 3027 261 3083 videmus
273 3041 323 3082 cnr
335 3028 476 3084 insistatur
487 3029 548 3084 voci
563 3045 579 3075 r<
589 3042 714 3081 exercerc
732 3042 864 3091 usuras»,
884 3030 961 3095 quasi
978 3033 1105 3095 ageretur
1115 3033 1221 3086 lantum

130 3108 172 3185 Ι1111
195 3109 326 3165 exercitio
348 3110 487 3165 homlualt.
508 3111 546 3165 Ex
566 3113 624 3165 toto
644 3112 784 3174 contextu,
808 3110 905 3165 collata
927 3110 1052 3166 doctrina
1070 3114 1219 3178 communi,

125 3193 242 3247 constal
253 3191 415 3257 simpliciter
424 3192 546 3247 damnari
558 3192 737 3247 «usurariam
749 3193 942 3258 pravitatem».

169 3276 204 3338 (1)
221 3275 258 3331 cl.
284 3275 417 3332 articulus
434 3290 516 3343 quem
534 3276 694 3341 scripsimus
712 3276 739 3330 in
759 3278 1001 3331 novaculaeque
1017 3279 1219 3343 ecclesiasticae,

137 3357 157 3411 t.
170 3357 204 3411 Ill
215 3356 300 3419 (leot)
313 3376 320 3412 :
333 3358 373 3411 Le
388 3364 539 3411 contractus
549 3360 719 3423 perorantem
730 3373 763 3411 oa
776 3360 814 3411 los
825 3365 1006 3412 controversas
1016 3374 1065 3411 sor
1078 3361 1102 3412 le
1113 3364 1131 3413 5
1141 3359 1175 3422 ⁰l0
1187 3375 1222 3413 aa

137 3441 167 3493 X
172 3442 222 3494 Vll
239 3443 318 3509 siecle
336 3457 368 3495 cn
385 3443 554 3507 Attentoonc,
569 3457 595 3509 p.
608 3442 667 3505 901,
681 3458 708 3497 n.
722 3442 746 3497 3.
765 3442 869 3497 ibidem
887 3443 1065 3498 inveniuntur
1082 3444 1220 3510 praecipui

139 3523 260 3590 theologi
272 3525 300 3579 et
311 3525 467 3580 canonistae
484 3524 567 3590 huius
585 3524 702 3591 periodi,
718 3525 766 3590 qui
785 3524 838 3579 hoc
855 3529 989 3590 punctum
1001 3524 1034 3580 ad
1046 3525 1128 3581 fidem
1139 3528 1221 3592 perti-

138 3619 203 3663 nere
214 3607 423 3663 contendebant.

169 3690 203 3752 (1)
219 3691 258 3745 lla
283 3692 345 3755 post
365 3690 522 3747 scolasticos
547 3690 713 3745 Bonnnrcrus
734 3690 797 3749 lllV.
820 3689 849 3743 in
866 3689 1006 3757 Encyclioa
1030 3692 1083 3743 Vix
1101 3694 1222 3756 pervenit

128 3769 230 3836 (1745),
243 3780 274 3826 n⁰
285 3773 306 3827 I.

170 3852 204 3916 (3)
222 3852 248 3907 S.
263 3854 374 3909 Tuonas
392 3854 521 3918 neumas,
535 3855 648 3907 Somolo
665 3854 829 3917 Theoloqtco,
843 3852 871 3906 1·
882 3853 924 3916 2²³,
937 3867 964 3918 q.
978 3852 1108 3917 Lllellll,
1121 3866 1145 3907 a.
1158 3852 1183 3916 l,
1196 3866 1220 3907 o.

170 3934 204 3998 (ll)
220 3935 258 3991 De
275 3936 431 3992 evolutione
449 3936 594 3992 titulorum
613 3935 684 3990 lucri
702 3935 929 4000 extrinsecorum,
949 3934 1013 3990 inde
1029 3934 1146 3990 amaillo
1166 3949 1222 3990 sae-

130 4015 200 4072 culo
223 4018 280 4072 lllll
302 4016 336 4073 ad
358 4018 441 4074 finem
464 4032 552 4084 usque
577 4017 677 4073 saeculi
702 4016 771 4081 llll,
801 4016 993 4081 conterantur,
1023 4016 1057 4071 tl.
1080 4017 1220 4081 Naaman,

143 4098 297 4153 Geschiclttc
308 4103 353 4153 cles
370 4100 500 4155 Woeners
511 4104 540 4153 in
551 4101 733 4155 Deatsclrlano
745 4099 783 4153 bis
791 4114 842 4153 aar
851 4101 1033 4165 Beqrt‘lntlanq
1040 4102 1090 4152 cler
1101 4100 1223 4166 hautepen

139 4181 342 4247 Ztosenqoselzc
354 4182 452 4246 (1654).
469 4182 554 4242 Helle.
571 4181 759 4246 Waisenhaus,
776 4180 851 4246 1865,
869 4196 896 4247 p.
914 4180 1034 4247 lssillh
1052 4182 1081 4236 F.
1095 4182 1125 4237 ll.
1138 4184 1222 4249 Foru,
