3242 4959
433 486 494 568 too
803 522 875 568 raas
891 523 1011 568 aurant.
1029 523 1107 570 sacr.
1125 525 1146 568 r.

433 687 514 751 idern
535 696 616 769 patet
638 705 674 751 ex
696 688 819 751 notione
841 705 915 751 usus
937 689 1141 768 principalis:
1160 689 1271 752 etenim
1293 688 1428 768 praecise
1450 685 1525 767 quia

432 787 610 851 bominibus
625 797 670 850 est
689 787 775 866 quasi
797 787 968 867 fideiussor,
989 797 1092 869 utpote
1112 789 1251 852 omnium
1270 804 1369 852 rerum
1388 786 1525 867 pretium

432 886 590 960 exhibens,
608 884 676 948 ideo
692 886 830 949 concredi
848 893 947 966 potest
964 909 978 943 u
993 888 1031 950 ad
1053 887 1228 968 ponendum
1251 887 1316 951 loco
1337 883 1478 967 pignoris
1491 899 1518 957 »3

432 983 514 1047 unde
537 983 594 1045 sub
620 983 803 1047 formalitate
829 1001 889 1064 qua
914 987 1043 1064 pecunia
1069 994 1195 1048 utuntur
1219 984 1439 1065 principaliter,
1464 980 1522 1043 sub

433 1081 539 1145 eadam
554 1083 597 1144 uti
613 1091 741 1161 possunt
756 1082 946 1156 secundario,
964 1099 1073 1163 nempe
1089 1084 1146 1146 sub
1162 1082 1346 1146 formalitate
1361 1097 1420 1161 qua
1437 1095 1520 1142 men-

433 1197 505 1243 sura
534 1190 563 1243 et
591 1181 714 1260 signum
743 1197 843 1243 rerum
873 1183 1163 1260 repraesentativum
1196 1182 1398 1246 constituitur.
1432 1176 1519 1252 Quod

433 1288 545 1354 autem
561 1281 644 1359 juxta
661 1281 830 1344 doctrinam
850 1282 881 1343 S.
900 1282 1044 1356 Thomae,
1061 1298 1136 1343 usus
1157 1281 1354 1345 secundarius
1374 1278 1519 1360 pecuniae

434 1394 487 1459 per
506 1395 538 1441 se
560 1380 599 1441 sit
620 1379 794 1453 vendibilis,
819 1396 892 1442 usus
913 1396 983 1442 vero
1009 1380 1173 1459 primarius
1195 1380 1371 1443 nullomodo
1392 1380 1436 1455 lt),
1458 1391 1518 1438 non

432 1477 518 1558 ponit
545 1478 832 1553 contradictionem,
864 1487 985 1541 econtra
1019 1496 1055 1540 ex
1083 1479 1188 1542 eadem
1219 1480 1341 1542 notione
1370 1477 1476 1540 defluit
1508 1491 1515 1535 ε

432 1594 541 1657 nempe
564 1577 635 1656 quia
661 1577 789 1657 pecunia
815 1585 866 1638 tua
893 1577 1061 1640 formaliter
1086 1593 1228 1640 mensura
1253 1587 1299 1640 ast
1319 1594 1354 1641 ac
1375 1576 1515 1656 pretium,

432 1675 458 1737 si
471 1691 539 1738 cum
551 1692 583 1737 re
600 1676 702 1755 aliqua
717 1684 930 1750 commutatur,
946 1676 1000 1738 tibi
1013 1677 1206 1738 eonsumitur
1217 1693 1251 1739 ac
1267 1675 1443 1738 distrahitur
1459 1687 1517 1751 uua

431 1789 574 1836 mensura
598 1791 633 1837 ac
659 1775 807 1854 pretium;
836 1783 865 1837 et
886 1791 902 1836 e
925 1790 1080 1847 converso,
1105 1776 1177 1854 quia
1200 1775 1328 1854 pecunia
1350 1772 1516 1837 formaliter

430 1887 574 1934 mensura
589 1882 634 1935 est
650 1890 686 1936 ac
701 1875 844 1952 pretium,
865 1874 890 1934 si
907 1873 945 1935 ad
965 1874 1198 1936 ostentationem
1214 1874 1258 1935 val
1277 1873 1390 1952 pignus
1411 1884 1515 1952 conce·

432 1970 524 2043 ditur,
552 1970 606 2033 tibi
628 1978 731 2032 mouet
752 1987 812 2049 qua
834 1986 975 2032 mensura
998 1987 1032 2033 ac
1055 1971 1186 2049 pretium
1211 1987 1217 2032 :
1243 1970 1324 2032 unda
1345 1969 1395 2032 bic
1413 1964 1514 2046 quaeri

431 2079 535 2148 posset
548 2078 648 2131 utrum
661 2086 720 2148 qua
734 2070 803 2132 talis
819 2071 984 2132 contractui
1001 2086 1129 2133 oneroso
1143 2070 1268 2133 subesse
1282 2070 1393 2148 possit;
1412 2069 1447 2130 de
1460 2068 1515 2128 bac

432 2177 531 2229 autern
548 2169 724 2246 quaestione
740 2168 877 2230 nondum
893 2168 1003 2248 agitur.

472 2268 515 2329 lla
537 2267 693 2345 bucusque
714 2268 833 2347 positis,
852 2274 969 2329 constat
986 2267 1144 2346 pecuniae,
1162 2265 1331 2329 formaliter
1352 2282 1412 2345 qua
1434 2263 1511 2335 talis,
1598 2271 1600 2280 ‘

430 2366 579 2428 rationem
608 2367 666 2428 boc
695 2366 824 2440 absolvi,
850 2365 930 2443 qarod
953 2366 1089 2427 omnium
1119 2367 1274 2428 renalium
1304 2365 1435 2444 pretium
1463 2377 1513 2424 seu

430 2482 607 2529 ntensuram
628 2467 806 2542 constituat;
831 2467 934 2528 omnia
956 2481 1064 2544 nempe
1087 2467 1256 2528 mensurari
1279 2466 1418 2544 pecunia,
1441 2477 1513 2543 quae

432 2566 558 2627 caeteris
573 2565 664 2628 rebus
681 2581 742 2627 non
757 2573 948 2627 mensuretur
964 2565 1045 2642 ipsa;
1069 2565 1150 2626 unde
1172 2565 1332 2642 pecuniam
1349 2581 1410 2643 qua
1428 2561 1513 2624 lolem
1598 2631 1599 2634 Ἴ

430 2662 561 2724 utilitate
577 2661 700 2741 quidem
723 2663 894 2741 praeditam
915 2678 981 2725 esse
1003 2662 1198 2724 mensurandi
1222 2678 1274 2724 seu
1297 2657 1511 2732 commutandi,

429 2763 514 2825 nulla
540 2779 610 2825 vero
636 2763 696 2825 alia
722 2763 853 2826 utilitate
879 2780 971 2843 quarn
998 2780 1033 2825 ax
1056 2764 1167 2843 seipsa,
1193 2762 1271 2825 sicut
1297 2770 1429 2825 caeterae
1454 2775 1512 2832 res,

429 2862 569 2938 baberet;
591 2863 671 2925 unde
687 2862 815 2925 ulterius
832 2863 909 2925 alios
925 2862 1071 2941 pecuniae
1087 2878 1146 2940 qua
1163 2861 1232 2923 talis
1248 2867 1367 2939 praeter
1382 2874 1512 2922 commu-

430 2964 554 3026 tationis
584 2981 657 3025 usus
686 2981 896 3043 quoscumque
925 2980 1012 3026 veros
1042 2979 1107 3025 asse
1130 2979 1165 3045 ac
1188 2961 1352 3042 legitimos,
1379 2957 1524 3039 quamvis·
1597 2979 1598 3002 r

429 3060 593 3140 principali
611 3061 827 3124 subordinatas
843 3072 871 3124 et
887 3061 1094 3124 secundarios.

717 3304 754 3360 Β.
772 3304 820 3354 De
837 3317 899 3355 usu
915 3304 1071 3366 pecuniae
1087 3302 1232 3366 passivo.

471 3483 509 3546 Et
523 3482 737 3558 nibilominus
754 3492 787 3547 ut
808 3501 825 3546 a
849 3483 924 3546 lliro
946 3484 1074 3546 llootore
1095 3483 1279 3558 audivimus,
1300 3482 1461 3563 «quumvis
1476 3479 1514 3541 sit

428 3597 573 3645 mensura
598 3589 627 3644 et
654 3582 891 3644 instrumentum
918 3583 949 3644 in
976 3583 1262 3661 permutationibus
1286 3588 1387 3644 tomen
1409 3597 1460 3662 per
1483 3593 1522 3641 se·

429 3682 545 3761 aliquid
560 3698 627 3744 esse
642 3688 764 3761 potest»
782 3685 828 3757 (a).
847 3684 884 3744 Et
905 3683 947 3744 ita
969 3682 1008 3745 ad
1029 3683 1157 3745 alterurn
1174 3681 1321 3763 pecuniae
1336 3690 1512 3745 caracterem

429 3780 647 3861 inquirendum
673 3780 878 3861 pervenimus,
906 3797 966 3861 quo
988 3791 1138 3844 caractere
1163 3781 1292 3861 pecunia
1317 3782 1522 3845 constituatur·

428 4019 560 4084 pecuniae
571 4033 634 4074 oum
647 4017 750 4084 duplici
769 4033 821 4074 usu
840 4033 968 4075 vasorum
986 4021 1188 4085 argenteorum,
1202 4033 1255 4084 oua
1273 4033 1410 4085 vasorum,
1424 4019 1452 4074 ei
1463 4028 1518 4072 nom

429 4099 519 4154 solum
531 4114 584 4166 oua
596 4102 787 4165 argenteorum
799 4099 844 4162 (cf.
857 4101 885 4155 i·
897 4102 946 4164 iffi,
959 4115 986 4166 o.
1000 4101 1130 4164 Lllllvlll,
1143 4115 1167 4156 a.
1182 4102 1206 4165 l,
1219 4100 1252 4155 ad
1264 4099 1299 4164 6).

462 4183 496 4246 (ll
513 4182 551 4238 Cf.
564 4184 592 4237 i·
604 4184 652 4246 bae,
666 4186 694 4239 el
705 4185 748 4237 De
758 4185 845 4246 Motu,
859 4186 890 4238 ll.
903 4197 940 4240 oo.

462 4265 497 4328 (2)
513 4263 551 4321 Cf.
564 4267 606 4318 De
617 4267 748 4332 rapinane
758 4269 921 4331 principum,
935 4266 962 4320 L.
976 4266 1008 4330 ll,
1021 4279 1046 4320 o.
1060 4265 1102 4321 tl.
