3242 4959
415 451 477 514 me
784 471 993 517 1113111311.
1013 472 1091 519 suen.
1108 472 1129 518 r.

415 636 534 701 mediae
560 635 639 717 parti
665 633 830 710 fruetuum,
858 653 934 716 quos
959 653 1031 711 ager
1056 639 1191 718 proferre
1220 632 1394 714 consuevit;
1422 635 1501 700 unde

415 737 537 824 saepius
558 751 612 817 pro
634 735 763 799 dimidia
785 743 870 817 parte
890 735 1044 800 fruetuum
1068 739 1234 802 elocantur.
1252 738 1285 800 Si
1308 733 1410 817 itaque
1431 746 1501 799 tuno

414 835 500 898 nulla
523 835 607 898 fueret
627 835 779 910 remissio,
797 835 919 914 quando
942 852 1002 899 non
1025 838 1160 917 percepit
1181 835 1348 899 conductor
1368 834 1500 897 mediam

414 945 532 1015 partem
554 931 719 1007 fructuum,
739 935 821 998 lieret
841 935 922 1015 qnod
942 937 1008 1016 ipse
1027 936 1165 1015 perderet
1186 936 1319 998 totaliter
1339 944 1369 998 et
1390 931 1501 996 loboris
1598 930 1599 955 ¹

414 1040 445 1096 et
459 1032 586 1096 seminis
602 1032 783 1112 impensam,
798 1041 827 1096 et
842 1033 1059 1113 proprietarius
1071 1035 1191 1098 nullum
1203 1035 1329 1098 sentiret
1343 1038 1498 1105 damnum,
1598 1034 1599 1061 ¹

416 1131 497 1212 quod
509 1140 628 1194 nonest
640 1132 748 1195 rationi
761 1143 1010 1207 consentaneum,
1025 1134 1146 1213 qnando
1162 1135 1193 1197 id
1208 1135 1293 1197 nulla
1308 1132 1500 1197 conductoris

414 1230 505 1310 culpa
529 1231 667 1294 accidit»
692 1234 736 1310 (t).
763 1232 800 1294 Et
823 1233 946 1312 quidem
968 1232 1053 1311 iuxta
1077 1234 1184 1297 eadem
1207 1233 1359 1314 principia
1380 1231 1500 1296 solvunt

416 1331 626 1410 quaestionem
644 1354 658 1388 u
673 1337 774 1394 utrum
789 1331 816 1394 si
833 1331 998 1395 conductor
1012 1333 1195 1412 impediatur
1205 1332 1244 1395 ab
1256 1349 1313 1394 usu
1325 1331 1370 1395 vel
1384 1330 1500 1393 cultura
1597 1346 1598 1361 ¹

415 1430 470 1504 rei,
488 1430 603 1510 absque
619 1447 673 1494 sua
688 1431 788 1511 eulpa,
807 1439 945 1493 teneatur
966 1432 1082 1494 soluere
1102 1432 1319 1512 pensionem..
1341 1429 1459 1493 seilicet
1476 1427 1500 1491 si

415 1529 610 1608 superveniat
624 1528 749 1608 aliquod
766 1529 1020 1609 impedimentum
1035 1548 1073 1592 etc
1083 1537 1176 1612 porte
1187 1531 1232 1593 rei
1243 1529 1409 1592 conductae
1422 1552 1436 1586 1
1450 1528 1498 1607 (3);
1597 1552 1598 1559 “

414 1635 488 1691 tunc
505 1650 519 1684 α
534 1644 596 1690 non
611 1635 729 1691 tenetur
747 1627 785 1690 ad
804 1629 983 1709 pensionem
998 1645 1053 1709 pro
1068 1630 1122 1693 illo
1138 1641 1272 1709 tempore
1286 1652 1314 1691 s.
1597 1678 1598 1715 3

457 1727 501 1789 Eu
524 1726 637 1806 quibus
653 1727 796 1790 omnibns
813 1727 907 1806 liquet
928 1744 992 1790 rem
1014 1744 1067 1807 per
1086 1745 1118 1792 se
1136 1727 1316 1810 frugiferam
1337 1743 1427 1808 posse
1449 1742 1500 1806 par

415 1823 557 1888 accidens
575 1825 638 1887 fieri
655 1825 800 1899 sterilem,
819 1841 880 1888 non
895 1832 1012 1888 tantum
1027 1827 1215 1902 conductori,
1233 1826 1286 1890 sed
1306 1836 1335 1890 et
1357 1825 1498 1901 locatori;

414 1931 445 1985 et
460 1922 640 2002 praesertim
658 1922 763 2002 liquet.
781 1922 863 2001 qnod
880 1923 931 1986 hic
952 1925 1047 1987 nostri
1070 1925 1205 1998 interest,
1227 1925 1260 1986 in
1280 1939 1400 1986 summa
1420 1921 1500 1985 fruc·

415 2029 502 2083 tuum
515 2020 561 2082 vel
576 2019 742 2083 utilitatum
754 2020 796 2083 rei
809 2020 980 2096 foecundae,
993 2037 1113 2101 semper
1124 2031 1240 2103 partem
1256 2022 1352 2085 labori
1367 2022 1500 2083 humano

416 2119 508 2183 tribui
527 2136 534 2182 :
553 2119 676 2182 sienim
695 2118 782 2182 labor
801 2120 907 2198 nequit
925 2121 968 2182 rei
988 2120 1147 2200 applicari,
1165 2135 1214 2182 res
1233 2121 1350 2182 nullam
1371 2119 1418 2182 vel
1442 2134 1500 2181 non

416 2218 539 2299 plenam
555 2217 717 2281 utilitatem
731 2217 840 2293 habet;
858 2218 926 2281 etsi
943 2219 986 2280 rei
1002 2218 1184 2298 applicatur,
1201 2219 1277 2298 quin
1292 2217 1335 2280 rei
1353 2217 1501 2280 fructibus

416 2319 566 2382 industria
588 2328 845 2398 recompensetur,
869 2326 897 2381 et
919 2318 984 2398 ipse
1007 2320 1049 2381 rei
1074 2319 1216 2382 dominus
1237 2318 1383 2382 damnum
1406 2316 1500 2399 pretio

417 2417 576 2481 locationis
591 2417 654 2497 pati
670 2416 758 2480 debet
776 2434 783 2479 :
801 2433 838 2479 ex
853 2417 969 2480 ratione
984 2418 1076 2480 allata
1092 2418 1153 2480 imo
1169 2425 1250 2498 patet
1260 2416 1422 2480 dimidiam
1433 2431 1500 2496 par·

415 2525 477 2580 tem
499 2515 652 2579 fructuum
676 2516 768 2579 tribui
793 2517 837 2579 rei
862 2515 1037 2596 frugiferae,
1061 2526 1090 2579 el
1115 2517 1276 2580 dimidiam
1303 2516 1429 2579 alteram
1454 2515 1500 2577 in·

415 2615 550 2677 dustriae
573 2613 724 2677 humanae
747 2630 754 2676 :
776 2614 850 2688 imo,
874 2630 909 2677 eo
929 2615 1028 2694 magis
1048 2615 1132 2677 valor
1153 2614 1280 2677 humani
1302 2613 1417 2677 laboris
1437 2611 1502 2674 heio

415 2714 609 2794 perspicitur,
638 2713 720 2792 quod
747 2713 907 2788 locatione,
932 2721 965 2774 ut
990 2713 1080 2776 modo
1104 2713 1220 2776 dictum
1245 2720 1301 2786 est,
1330 2713 1431 2792 ipsum
1454 2710 1501 2788 ius

415 2811 533 2874 fructus
555 2813 598 2875 rei
613 2810 801 2892 percipiendi
820 2811 978 2886 vendatur,
996 2820 1025 2873 et
1046 2812 1127 2890 quod
1151 2810 1219 2874 ideo
1240 2811 1278 2874 ad
1301 2808 1501 2882 accidentales

416 2918 542 2973 eventus
556 2909 687 2989 spectari
703 2924 765 2974 non
778 2908 842 2985 jam
858 2909 990 2972 deberet.

459 3250 563 3328 ltaque
579 3265 614 3310 en
627 3246 670 3309 rei
687 3245 837 3309 locatione
851 3244 997 3306 indirecte
1006 3242 1069 3319 jam
1082 3250 1164 3321 patet
1175 3241 1344 3304 industriae
1354 3241 1502 3303 humanae

417 3346 518 3422 valor;
542 3354 573 3408 at
594 3345 689 3408 multo
711 3343 823 3406 melius
843 3359 879 3406 ex
902 3342 1050 3405 locatione
1071 3340 1169 3420 ipsius
1191 3339 1304 3402 laboris
1328 3355 1335 3401 :
1357 3339 1402 3401 sic
1421 3336 1501 3400 enim

417 3444 587 3510 ostenditur
602 3443 766 3506 lucrativus
781 3451 847 3505 tum
863 3439 1120 3518 locatori-opifici,
1138 3448 1202 3499 tum
1224 3436 1412 3500 conductori.
1428 3435 1502 3498 Con·

417 3546 528 3609 ductor
543 3544 626 3606 enim
642 3558 695 3605 seu
711 3549 857 3620 patronus
872 3539 1009 3603 laborem
1023 3537 1142 3617 opificis
1164 3537 1319 3615 applicare
1337 3543 1435 3615 potest
1453 3530 1499 3596 vel

418 3646 460 3709 rei
476 3642 642 3722 frugiferae
657 3640 702 3704 vel
716 3640 760 3703 rei
772 3638 881 3712 sterili,
895 3644 924 3699 et
935 3644 1063 3714 utroque
1075 3636 1107 3696 in
1120 3650 1191 3697 casu
1204 3634 1323 3697 lucrum
1335 3632 1432 3696 faeere
1441 3632 1497 3706 let:

449 3827 485 3972 {3
501 3826 540 3966 g:
553 3832 600 3970 ss.
613 3909 642 3966 d.
657 3909 700 3970 l'lt
714 3909 833 3971 tnssrns,
846 3909 892 3967 d..
904 3907 933 3963 d.
946 3907 972 3961 f.
985 3906 1128 3972 -Utique
1144 3903 1204 3959 illas
1221 3903 1395 3970 quaestiones
1411 3897 1501 3964 impri-

417 3990 601 4058 miseriore
619 3991 738 4057 positivo
755 3992 882 4046 auctores
900 3988 1050 4050 solvebant,
1069 3999 1166 4042 verum
1184 3984 1334 4052 probabunt
1351 3979 1431 4038 simul
1450 3978 1502 4034 hoc

417 4075 509 4139 ipsum
520 4086 580 4130 esse
597 4073 652 4140 iuri
665 4072 783 4129 naturali
801 4073 1034 4128 consentaneum:
1054 4074 1082 4125 et
1101 4068 1138 4123 ibi
1157 4071 1350 4133 argumentum
1368 4061 1502 4118 invenitur

418 4157 541 4212 theoriae
554 4158 678 4223 ipsorum
689 4155 724 4212 de
736 4155 839 4212 laboris
849 4156 951 4212 virtute
963 4152 1134 4220 productiva.

415 4236 540 4369 arffgaflfss
552 4238 582 4294 V·
596 4239 713 4303 Bittis,
730 4252 773 4304 otr-
786 4253 821 4304 c,
841 4251 869 4303 p.
882 4234 990 4292 idi-ild
1002 4253 1009 4290 :
1023 4235 1095 4289 «Les
1113 4231 1210 4298 profits
1228 4229 1263 4286 de
1280 4229 1501 4293 l'entrepreneur-
1597 4286 1598 4347 ἶ
