3242 4959
354 476 419 521 cae.
436 476 469 520 11.
486 475 633 521 rmucrrm
647 473 795 520 surannae
809 473 1007 520 scotasrrctu.
1167 453 1226 518 169

124 639 299 710 stantibus,
317 645 441 719 propter
464 638 545 719 quod
568 646 719 717 coguntur
733 653 803 702 oum
820 637 857 702 de
879 639 944 703 loco
967 638 1006 703 ad
1028 639 1128 702 locum
1143 647 1227 704 tran-

125 745 234 812 seunt,
251 752 385 800 massam
405 737 472 799 auri
493 736 541 799 vel
564 737 683 816 argenti
706 752 808 800 secum
831 735 1009 812 deterreat
1030 737 1227 817 quantumin

122 836 425 900 commutationibus
444 851 547 899 rerum
568 835 722 899 venalium
743 834 895 916 indigem,
914 843 1032 900 lantum
1047 835 1222 899 vendunt.»

121 935 249 1008 Quodsi
271 936 438 1012 numisma,
470 952 530 1015 qua
553 951 708 1004 mensura.
739 935 910 999 formaliter
933 944 966 998 ut
985 952 1082 1011 marr,
1114 935 1222 1012 idest,

126 1041 163 1097 ut
186 1050 297 1098 aurum
319 1034 363 1097 tel
387 1044 547 1110 argentum
569 1035 740 1107 haberetur,
766 1050 841 1097 sane
866 1035 940 1098 tami
967 1035 1081 1098 valeret
1107 1035 1139 1097 ia
1163 1051 1225 1099 una

120 1134 256 1214 :regione
271 1134 377 1214 quami
393 1134 426 1196 in
441 1133 513 1204 alia,
531 1150 586 1197 nec
601 1133 823 1213 intelligeretur
845 1150 979 1213 quonam
1001 1133 1091 1198 modu
1114 1150 1223 1215 argen-

121 1239 197 1294 tum
223 1232 270 1294 vel
296 1247 404 1294 aurum
432 1239 620 1294 monetatum
647 1232 764 1311 regioni
788 1232 954 1312 proprium
976 1231 1220 1296 «fructuosius»

120 1340 221 1394 esset.
240 1330 359 1394 Etenim
376 1330 408 1392 in
422 1331 582 1411 hypothesi
598 1331 680 1401 data.
698 1330 914 1394 commutando
931 1332 1117 1394 numismata
1132 1349 1223 1394 aurea

121 1437 272 1493 extranea
294 1445 459 1492 cumauro
481 1430 616 1509 proprio,
641 1437 723 1509 patet
747 1429 919 1493 habendam
941 1447 1008 1494 esse
1031 1431 1223 1510 aequivalen-

126 1527 207 1592 tiam
225 1545 232 1590 :
250 1544 306 1591 nec
321 1527 485 1592 dicendum
502 1528 638 1591 laborem
653 1525 907 1592 commutantium
923 1539 1135 1593 extraneorum
1155 1546 1222 1594 csse

121 1626 400 1700 remunerandum,
418 1626 580 1690 tribuendo
596 1626 696 1704 majus
711 1627 833 1706 pondus
853 1627 919 1690 auri
941 1643 1033 1706 quam
1052 1629 1222 1692 numisma·

121 1732 212 1802 tum;
244 1740 315 1787 nam
345 1741 495 1805 expensae
523 1725 691 1789 industriae
722 1726 846 1789 illorum
875 1730 1065 1806 compensari
1094 1733 1223 1808 possunt

119 1826 273 1906 expensis
297 1826 455 1906 parallelis
480 1826 595 1890 laboris
621 1843 726 1890 eorum
753 1829 804 1907 qui
832 1828 1006 1908 eregione,
1031 1828 1083 1892 uhi
1099 1826 1221 1892 nonnisi

127 1926 289 1988 metallum
302 1927 369 1988 auri
384 1926 543 1999 habeatur,
557 1926 596 1988 ad
608 1927 700 1988 aliam
713 1927 789 1990 illud
803 1927 972 2004 deducant;
987 1928 1029 1989 ita
1040 1938 1072 1990 ut
1084 1927 1222 1991 absoluta

127 2023 283 2102 loquendo
309 2024 347 2087 ad
377 2025 511 2087 valorum
537 2016 603 2086 auri
631 2026 775 2088 monetati
802 2025 847 2086 vel
877 2042 938 2088 nou
965 2026 1110 2089 monetati
1136 2025 1223 2089 labor

125 2121 378 2184 transferentium
400 2122 476 2184 nihil
503 2123 662 2201 pertineat.
687 2123 720 2186 Si
747 2138 856 2185 aururu
882 2131 1069 2186 monetatum
1095 2123 1221 2186 haberet

118 2239 191 2302 quo
206 2239 295 2285 mera
317 2223 408 2285 simul
431 2222 559 2286 candem
583 2222 781 2285 mensurandi
798 2223 972 2298 utilitatem,
991 2240 1069 2302 quae
1085 2223 1144 2302 ipsi
1160 2239 1222 2302 qua

126 2331 268 2384 monetae
293 2320 447 2395 tribuitur,
475 2320 581 2384 eodem
611 2338 737 2401 prorsus
766 2321 857 2385 modo
883 2331 962 2384 esset
990 2319 1152 2384 dicendum
1182 2320 1220 2384 da

125 2427 250 2482 moneta
275 2436 311 2482 ac
336 2420 374 2483 de
399 2422 526 2483 cacteris
551 2420 642 2483 rebus
668 2422 837 2484 venalibus.
866 2422 972 2496 Porro,
1001 2421 1027 2482 si
1054 2437 1102 2482 res
1127 2419 1218 2482 unius

124 2517 264 2598 regionis
279 2534 348 2581 cum
364 2518 469 2582 eadem
480 2535 512 2581 re
528 2519 653 2581 alterius
668 2519 815 2597 regionis,
830 2537 876 2582 ex.
891 2537 922 2598 g.
936 2535 1033 2598 equus
1045 2533 1113 2582 cum
1126 2533 1215 2597 equo,
1289 2514 1292 2520 ’

124 2616 158 2680 in
183 2618 292 2681 eodem
318 2634 444 2681 numero
473 2627 721 2693 commutaretur,
749 2635 822 2681 sane
846 2619 1009 2682 haberetur
1034 2619 1217 2697 inutraque

125 2717 252 2798 regione
266 2717 380 2780 valoris
394 2717 584 2796 aequalitas:
599 2716 777 2790 dummodo,
792 2725 826 2778 ut
840 2725 933 2796 patet,
951 2733 1012 2778 non
1027 2723 1216 2794 supponatur

121 2831 191 2878 rem
206 2815 238 2876 in
255 2831 316 2877 una
330 2815 453 2895 regione
471 2814 626 2877 abundare
647 2830 725 2894 quae
748 2814 779 2875 in
803 2814 865 2876 alia
885 2812 1035 2876 deiiceret.
1058 2815 1102 2876 lta
1123 2813 1215 2876 etiam

117 2921 205 2976 esset
220 2912 258 2975 de
273 2928 362 2989 auro;
380 2912 547 2992 etquidem
562 2914 604 2975 ita
619 2921 698 2975 esset
713 2912 750 2975 de
766 2927 839 2974 auro
856 2919 1005 2991 quatenus
1020 2919 1171 2975 monetata
1186 2919 1216 2974 et

118 3021 277 3092 quatenus
291 3030 353 3076 non
368 3022 532 3076 monetata.
549 3014 642 3092 htqui
658 3030 676 3076 a
691 3015 722 3076 S.
739 3013 855 3075 Thoma
872 3011 1049 3075 nullomodo
1067 3011 1215 3092 supponi·

122 3121 174 3174 tur
199 3128 307 3174 aurum
329 3128 390 3192 qua
414 3112 571 3175 metallum
593 3113 626 3174 in
646 3129 707 3175 una
725 3112 849 3192 regiona
870 3111 1035 3185 abundare,
1053 3127 1089 3175 ac
1103 3112 1135 3174 in
1154 3111 1215 3174 alia

123 3210 265 3287 delicere,
284 3211 336 3274 sed
352 3212 534 3291 supponitur
549 3227 657 3274 aurum
679 3227 738 3291 qua
761 3220 948 3274 monetatum
974 3211 1116 3288 deicere;
1133 3211 1214 3274 unde

101 3309 234 3374 'exinde
250 3311 504 3390 aequivalentiam
519 3311 597 3373 inter
612 3327 721 3374 aurum
742 3312 834 3389 hujus
855 3311 989 3390 regionis
1009 3319 1038 3374 et
1060 3312 1214 3374 numisma

125 3408 210 3472 illius
222 3425 333 3488 negare
344 3426 405 3472 non
416 3418 526 3489 potest.
536 3410 624 3474 Unde
634 3410 758 3472 tande-m
768 3410 1021 3489 aequivalentiam
1033 3419 1122 3490 negat
1134 3411 1213 3492 inter

123 3526 234 3574 aurum
254 3520 404 3589 quatenus
418 3526 506 3572 mera
527 3518 572 3572 est
593 3526 646 3572 seu
670 3525 718 3572 res
733 3509 861 3583 venalis
878 3525 913 3572 ac
934 3525 1042 3571 aurum
1064 3517 1212 3587 quatenus

117 3617 169 3671 -est
183 3625 330 3671 mertsrtru
345 3624 446 3672 rerum
461 3609 614 3671 uenalium
627 3625 679 3671 seu
692 3608 849 3670 numisma
860 3609 904 3684 (t).
920 3607 1039 3670 Ethaec
1051 3606 1211 3686 explicatio

125 3705 182 3771 loci
209 3707 395 3770 obscurioris
421 3705 504 3769 citati
531 3706 649 3770 videtur
670 3705 868 3780 admittenda,
891 3715 955 3768 tum
978 3713 1011 3767 ut
1033 3705 1117 3767 locus
1132 3704 1164 3766 in
1179 3719 1212 3767 se

155 3944 191 4006 (t)
208 3945 312 4008 ltaque,
334 3941 408 4009 quod
429 3941 542 3998 omnino
563 3940 727 4004 notandum,
748 3941 886 3996 cambium
905 3939 1095 3995 consideratur
1116 3939 1178 3994 heic
1195 3951 1211 3992 a

118 4032 261 4089 dihomo
271 4035 302 4088 ul
313 4033 480 4098 permutatio
491 4032 697 4092 numismatum.
708 4045 828 4098 quorum
841 4045 936 4094 unum,
947 4029 1090 4096 proprium
1102 4042 1209 4095 nempe,

124 4123 257 4180 habeatur
273 4126 305 4179 ut
321 4135 457 4187 mensura,
472 4126 503 4178 ut
515 4123 644 4189 pretium,
656 4121 774 4178 alterum
785 4136 860 4186 vero,
873 4121 978 4178 scilicet
992 4125 1163 4186 extraneum,
1180 4123 1212 4178 ut

120 4228 200 4270 merx
212 4228 261 4271 seu
275 4228 320 4270 res
329 4214 442 4271 uenalis.
457 4213 534 4278 Quod
546 4213 749 4280 aequivalenter
759 4217 801 4269 est
813 4213 1046 4278 emptio-uenditor.
