3242 4959
383 452 448 520 284
750 469 823 515 runs
837 469 959 529 turma,
978 469 1058 514 soor.
1074 469 1107 514 u.

383 642 489 698 natum
510 639 630 713 tempus
650 633 771 698 debitor
791 632 933 697 creditori
953 633 1091 698 restituet
1109 643 1140 698 et
1161 633 1337 699 nullatenus
1354 631 1393 696 ad
1414 632 1470 694 hoc

382 734 498 814 requiri
513 733 693 797 auctarium.
710 734 835 808 Verum,
852 742 921 813 post
935 749 1030 813 supra
1044 734 1126 797 diota
1144 733 1203 796 bac
1224 732 1392 797 subtilitate
1411 746 1473 794 non

380 830 543 895 utendum.

426 931 490 994 Hoc
505 938 692 1011 praenotato,
709 930 860 993 sententia
874 931 971 1010 priori
989 930 1081 994 modo
1101 931 1259 994 enuntiata
1279 937 1309 992 et
1329 946 1367 992 en
1388 934 1473 1009 parte

382 1029 544 1094 creditoris
556 1029 757 1104 considerata,
767 1030 868 1110 magis
879 1030 980 1110 placet
990 1045 1082 1110 quam
1095 1031 1190 1094 altero
1201 1029 1293 1093 modo
1305 1027 1470 1109 proposita.

383 1127 465 1190 Haec
479 1127 591 1190 etenim
605 1127 698 1190 altera
713 1127 740 1189 si
756 1126 945 1191 admittenda
959 1137 1050 1204 esset,
1067 1129 1217 1208 quaedam
1233 1129 1372 1190 videntur
1386 1126 1473 1205 sequi

382 1239 446 1288 nou
461 1225 657 1289 admittenda.
675 1225 855 1291 Admittitur
871 1241 980 1306 nempe
994 1226 1170 1291 facultatem
1189 1235 1359 1293 concretam
1382 1240 1474 1304 quam

382 1323 475 1388 bodie
493 1324 580 1388 alteri
603 1325 724 1397 tribuis,
744 1327 904 1404 pecuniam
927 1326 1107 1402 mutuando,
1130 1327 1163 1389 in
1184 1328 1286 1405 seipsa
1310 1341 1378 1389 esse
1398 1322 1472 1403 quid

382 1423 584 1504 appretiabile
598 1423 734 1504 adeoque
749 1423 866 1488 loenore
879 1425 1151 1505 compensandum.
1167 1427 1208 1491 m
1222 1426 1255 1488 in
1270 1434 1350 1488 statu
1369 1439 1471 1486 rerum

384 1521 545 1596 hodierno,
573 1538 643 1586 cum
671 1524 830 1603 pecuniam
859 1534 992 1598 mutuas,
1020 1541 1082 1588 uon
1110 1525 1179 1590 ideo
1208 1524 1326 1588 lucrum
1351 1523 1407 1586 tibi
1436 1539 1472 1586 er

384 1620 491 1684 eadem
506 1629 604 1685 cessat
621 1639 629 1684 :
646 1637 716 1685 cum
732 1638 793 1686 non
808 1623 909 1686 solum
921 1624 1049 1703 pecunia
1064 1632 1228 1697 monetata,
1246 1623 1300 1688 sed
1319 1623 1422 1697 etiam,
1440 1629 1473 1684 ut

384 1720 567 1794 notavimus,
595 1721 832 1784 instrumentum
864 1722 984 1797 crediti,
1019 1731 1092 1803 puta
1123 1722 1338 1803 obligationes,
1371 1721 1471 1784 cbiro·

383 1819 512 1899 grapho,
530 1827 602 1895 ete,
619 1818 722 1883 forsan
738 1821 792 1884 tibi
808 1821 906 1899 possit
924 1837 991 1884 esse
1006 1836 1110 1884 verum
1125 1822 1362 1884 instrumentum
1378 1834 1471 1898 nego·

382 1916 520 1979 tiationis
534 1925 563 1980 et
579 1918 666 1981 lucri.
687 1919 774 1982 Lucri
791 1935 861 1983 vero
877 1919 1025 1982 cessantis
1044 1920 1128 1983 notio
1147 1919 1281 1982 excindit
1302 1927 1384 1987 tuno,
1402 1932 1471 1980 eum

383 2013 502 2080 lucrum
518 2015 572 2080 tibi
588 2032 625 2078 ex
639 2017 768 2097 pecnnia
781 2017 1011 2097 percipiendum
1027 2033 1130 2081 revera
1145 2034 1207 2083 non
1221 2026 1329 2093 cesset,
1346 2017 1472 2095 insuper

382 2129 422 2176 ex
436 2115 563 2193 pecunia
578 2115 701 2194 physice
716 2115 889 2178 concredita
904 2115 1033 2179 alterum
1052 2116 1221 2180 auctarium
1240 2117 1320 2192 iuste
1341 2115 1469 2195 percipi.

383 2212 471 2287 Quod
494 2221 594 2276 tamen
614 2213 838 2278 admittendum
859 2220 950 2289 esset,
967 2214 993 2276 si
1015 2230 1119 2278 resera
1140 2214 1224 2277 ultro
1239 2213 1400 2294 pecuniam
1415 2214 1471 2276 tri·

383 2309 505 2376 buisses
519 2311 636 2392 aliquid
651 2313 684 2375 in
701 2329 734 2376 se
749 2313 847 2393 pretio
862 2313 1062 2376 aestimabile.

382 2469 385 2476 .
423 2411 549 2489 insuper
574 2411 680 2474 eadem
707 2411 857 2474 sententia
882 2425 944 2473 non
969 2410 1077 2490 placet,
1106 2410 1178 2490 quia
1206 2411 1301 2472 altera
1333 2411 1472 2474 inconse

376 2509 503 2588 quentia
531 2509 651 2573 ridetur
679 2510 838 2595 laborare,
859 2511 975 2590 Nempe
1006 2509 1142 2587 rejicitur
1171 2510 1287 2572 theoria
1317 2509 1354 2573 de
1384 2525 1471 2588 prae·

381 2610 555 2688 ¹sumptione
577 2609 651 2672 lucri
673 2611 835 2684 cessantis,
852 2609 935 2688 quia,
953 2609 1008 2672 illa
1031 2608 1141 2689 posita,
1165 2609 1303 2689 probatio
1325 2609 1471 2672 contrarii

299 2733 301 2742 ·
378 2705 602 2783 admitteretur,
629 2708 766 2787 adeoque
791 2708 909 2771 liceitas
933 2709 1059 2771 auctarii
1086 2707 1176 2771 bodie
1201 2706 1384 2772 universalis
1409 2724 1472 2770 non

377 2805 591 2886 explicaretur.
617 2807 675 2871 Sed
697 2823 884 2887 quaesumus
904 2815 1006 2871 utrum
1031 2807 1106 2870 baec
1132 2807 1260 2872 liceitas.
1282 2808 1375 2870 etiam
1400 2823 1471 2869 cum

380 2904 499 2968 lucrum
522 2920 584 2968 non
609 2912 752 2980 cessaret,
780 2904 991 2985 inquisitionis
1015 2906 1200 2970 scientificae
1223 2905 1406 2970 antecedens
1430 2922 1472 2968 an

376 3018 568 3081 consequens
583 3019 649 3066 esse
664 3003 796 3067 deberet.
815 3004 880 3066 Hoc
894 3013 995 3072 autem
1010 3004 1136 3078 omisso,
1149 3019 1204 3066 cur
1215 3019 1340 3082 quaeso,
1358 3003 1470 3083 proba·

325 3164 328 3169 .
378 3101 461 3166 lione
481 3102 534 3165 illa
555 3101 654 3181 quoad
677 3102 858 3166 creditorem
883 3102 1029 3177 admissa,
1049 3102 1156 3166 eadem
1177 3101 1278 3182 quoad
1301 3101 1470 3166 debitorem

380 3216 442 3264 non
469 3199 696 3264 admitteretur?
720 3200 844 3264 Tribuis
868 3201 1023 3264 enimvero
1048 3217 1117 3264 cum
1143 3202 1273 3280 pecunia
1297 3210 1470 3265 concretam

378 3298 613 3380 possibilitatem
636 3309 665 3363 et
687 3300 864 3363 facultatem
887 3300 1089 3363 communiter
1109 3315 1191 3362 nunc
1212 3299 1417 3374 aestimatam,
1434 3317 1470 3363 ex

377 3399 509 3479 pecunia
534 3399 683 3462 lucrandi.
708 3399 766 3463 Sed
788 3401 814 3463 si
838 3417 894 3479 ego
918 3399 1036 3464 debitor
1057 3401 1152 3480 probo
1174 3399 1212 3463 de
1234 3401 1314 3463 lacto
1336 3411 1365 3464 te
1391 3401 1471 3463 hane

377 3497 614 3578 possibilitatem
626 3507 797 3561 concretam
810 3499 885 3561 mibi
898 3515 960 3562 uon
973 3499 1115 3574 tribuere,
1125 3515 1258 3579 quonam
1270 3498 1471 3562 fundamento

378 3585 497 3660 diceres
512 3606 613 3660 tamen
628 3597 707 3660 banc
721 3597 957 3678 possibilitatem
975 3614 1041 3661 esse
1057 3598 1368 3677 recompensandam?
1383 3596 1471 3672 Quod

375 3711 482 3759 verum
507 3705 554 3758 est
578 3695 615 3759 de
642 3695 726 3760 lucro
752 3707 948 3760 cessantem
971 3697 1248 3778 partecrcditoris.
1272 3713 1376 3760 verum
1404 3713 1471 3760 esse

375 3795 469 3861 debet
493 3813 529 3860 ex
555 3806 639 3876 parte
664 3797 822 3861 debitoris.
840 3799 927 3863 Unde
948 3799 1051 3879 potins
1071 3800 1165 3879 priori
1191 3798 1294 3872 modo,
1318 3798 1475 3861 sententia

373 3905 564 3976 proponatur
582 3895 698 3971 eadem,
722 3913 832 3977 nempe
856 3896 998 3961 creditori
1020 3913 1074 3978 per
1094 3914 1127 3960 se
1148 3897 1381 3978 appretiabilem
1403 3913 1471 3961 esse

375 3996 543 4058 carentiam
558 3995 715 4076 pecuniae,
733 4012 801 4059 cum
818 3997 948 4075 pecunia
970 3997 1124 4060 communi
1144 3997 1305 4060 bominum
1324 3997 1470 4059 aestima·

374 4092 459 4156 lione
472 4094 535 4172 iam
550 4093 629 4157 facta
645 4094 684 4157 sit
699 4110 803 4157 verum
820 4094 895 4158 lucri
911 4095 1158 4159 instrumentum.
1176 4097 1221 4159 lta
1239 4113 1312 4159 sane
1333 4095 1470 4176 primum

373 4205 439 4254 nou
454 4193 591 4272 sequitur
607 4210 615 4256 :
633 4209 703 4257 cum
718 4193 825 4257 eodem
841 4194 1043 4257 instmmento
1057 4193 1190 4258 creditor
1212 4211 1274 4258 nou
1295 4194 1469 4258 necessario
