3242 4959
404 499 466 564 alt
632 491 646 528 ³
774 521 1078 567 arnsteinensem.
1096 521 1118 569 r.

405 681 556 744 niuntur:
575 698 700 762 «oeque
713 680 805 746 etiam
821 699 887 746 esse
908 681 1053 761 iniustam
1072 699 1192 764 semper
1212 682 1396 760 mercedem,
1414 699 1491 763 quae

404 769 466 843 non
487 779 599 843 sufficit
622 779 661 843 ad
681 779 794 844 victum
821 789 850 844 et
871 784 1011 845 vestitum
1033 781 1190 845 decentem
1211 781 1332 856 famuli,
1349 791 1379 846 et
1394 782 1490 845 multo

404 878 508 942 miuus
522 895 584 959 qua
599 895 660 942 nou
679 880 777 960 possit
799 879 945 955 famulus,
960 897 993 943 sc
1012 898 1162 962 suumque
1181 899 1310 944 umorem
1331 889 1361 944 ct
1382 881 1491 944 liberos

405 975 496 1041 olere.
529 978 683 1059 Contingit
711 980 793 1042 enim
823 979 1004 1060 obsequium
1037 997 1100 1045 non
1132 998 1199 1045 esse
1233 989 1318 1045 tanta
1352 980 1491 1045 mercede

406 1077 545 1159 dignum,
571 1088 601 1143 et
621 1079 736 1143 multos
761 1097 795 1144 ea
820 1081 957 1144 mercede
982 1090 1139 1145 contentos
1163 1098 1242 1154 esse,
1269 1082 1342 1161 quia
1362 1090 1492 1162 possunt

405 1176 497 1240 simul
514 1177 605 1241 rebus
616 1177 686 1241 aliis
697 1178 984 1259 attendere,quibus
995 1180 1026 1244 id
1038 1180 1120 1261 quod
1132 1180 1170 1244 ad
1181 1181 1295 1244 rictum
1308 1181 1491 1245 etvestitum

406 1274 518 1351 deficit,
541 1275 683 1356 supplere
704 1285 734 1340 et
758 1277 915 1357 possidere
936 1277 995 1341 sibi
1018 1279 1147 1358 possint,
1168 1290 1202 1342 ut
1225 1287 1311 1342 notat
1332 1279 1489 1342 blolina.»

404 1373 486 1437 Nihil
503 1374 673 1437 accuratius
688 1374 725 1437 de
740 1391 884 1439 mensura
896 1376 969 1454 justi
985 1377 1089 1440 salarii
1107 1378 1187 1457 apud
1209 1378 1387 1441 scolasticos
1409 1378 1493 1441 inve

402 1472 516 1547 nimus,
531 1488 600 1536 curu
616 1474 724 1536 caeteri
741 1482 857 1536 tantum
870 1473 909 1536 ad
920 1475 1163 1538 aestimationem
1179 1491 1372 1539 communem
1387 1476 1493 1556 appel-

404 1570 465 1633 lare
481 1571 599 1634 soleant
622 1589 630 1635 :
654 1580 685 1634 at
700 1572 779 1646 ideo,
805 1572 904 1636 bledio
927 1589 1012 1645 aevo,
1033 1574 1208 1638 nullatenus
1230 1574 1408 1637 arbitrariae
1432 1574 1491 1655 legi

404 1668 497 1733 oblati
514 1679 543 1732 et
558 1670 687 1748 quaesiti
703 1671 875 1734 aestimatio
891 1671 1004 1735 laboris
1019 1673 1250 1751 permittebatur
1264 1674 1310 1750 (r).

442 1766 589 1843 Tandem,
607 1767 688 1830 idern
704 1769 872 1832 industriae
887 1771 1037 1834 humanae
1059 1771 1144 1834 valor
1164 1787 1201 1833 ex
1223 1777 1378 1833 contractu
1392 1769 1489 1832 socle-

404 1867 477 1929 tutls
503 1867 682 1930 desumitur.
710 1868 820 1931 Nullus
849 1868 977 1931 forsitan
1006 1877 1178 1932 contractus
1203 1877 1266 1931 tarn
1292 1869 1371 1931 miro
1397 1867 1489 1932 modo

403 1965 540 2029 evolutus
559 1966 676 2028 uidetur
691 1966 780 2029 sicuti
796 1967 936 2042 serietas,
954 1967 1028 2030 adeo
1043 1976 1076 2030 ut
1091 1967 1262 2031 innumeris
1277 1967 1364 2046 quasi
1380 1966 1491 2030 formis

403 2064 531 2129 decursu
552 2066 698 2150 temporis
719 2068 903 2150 apparuerit.
922 2067 1056 2130 Societas
1072 2075 1118 2130 est
1135 2076 1336 2130 «contractus
1350 2081 1405 2128 seu
1419 2082 1491 2130 con·

401 2165 501 2228 ventio
514 2166 646 2245 plurium
660 2167 870 2230 contribueudi
884 2167 922 2230 ad
935 2184 1096 2231 commune
1109 2168 1228 2231 lucrum
1243 2167 1289 2230 uel
1306 2182 1396 2229 usum
1411 2189 1426 2223 ι
1441 2169 1488 2243 (a).

375 2276 378 2284 ’
403 2265 510 2327 Plures
525 2275 626 2328 autern
642 2265 832 2329 contribuere
846 2276 977 2346 possunt
996 2277 1030 2331 ut
1049 2268 1136 2342 socii,
1153 2268 1199 2331 vel
1215 2265 1409 2331 concedendo
1425 2275 1490 2330 tum

404 2363 586 2428 industriam
612 2365 768 2444 propriam
795 2372 859 2428 tum
884 2366 1056 2446 pecuniam.
1084 2365 1131 2428 vel
1157 2366 1375 2429 committendo
1401 2364 1488 2427 alteri

402 2463 569 2542 negotianti
582 2465 742 2543 pecuniam
755 2472 882 2527 tanturn.
892 2466 956 2527 Hoc
967 2464 1121 2539 ultimum,
1131 2464 1212 2543 quod
1225 2486 1238 2520 a
1249 2463 1487 2528 commendam»

402 2576 456 2623 seu
484 2561 787 2624 «commissionem»
815 2562 973 2638 vocabant,
997 2561 1140 2643 quodque
1161 2563 1273 2641 ubique
1295 2571 1326 2625 et
1351 2577 1489 2625 commu-

401 2659 481 2721 niter
495 2659 753 2738 frequentabatur,
771 2661 863 2723 etiam
884 2660 1088 2724 diversimode
1111 2661 1212 2724 fiebat.
1230 2661 1369 2741 Seposita
1387 2669 1489 2723 autern

401 2757 636 2837 hypothesiqua
658 2774 728 2838 pars
752 2758 827 2822 lueri
851 2760 883 2821 in
904 2769 1095 2823 antecessum
1117 2759 1316 2823 determinata
1339 2758 1489 2823 laboranti

402 2855 556 2931 tribuitur,
571 2873 647 2936 quae
662 2856 839 2936 hypothesis
849 2859 952 2937 potius
966 2858 1004 2921 ad
1019 2875 1129 2938 operae
1144 2857 1378 2921 conductionem
1394 2857 1489 2938 perti·

401 2965 464 3031 net,
481 2966 510 3018 et
525 2957 660 3035 inspecto
675 2972 746 3019 casu
763 2973 824 3036 quo
835 2959 957 3037 proprie
968 2959 1118 3022 industria
1129 2958 1222 3021 unius
1232 2967 1261 3020 et
1272 2957 1402 3038 pecunia
1414 2957 1490 3019 alte·

402 3056 466 3118 rius
492 3055 710 3119 incommune
738 3056 872 3137 ponitur,
900 3057 1051 3121 scolastici
1079 3056 1217 3120 doctore-s
1240 3071 1346 3119 omues
1370 3069 1491 3135 semper

338 3150 342 3158 '
403 3154 611 3218 allaborabant
626 3162 659 3217 ut
671 3155 737 3232 iura
756 3154 869 3218 laboris
891 3155 980 3234 plene
1001 3156 1201 3232 salvarentur,
1218 3164 1248 3218 ct
1268 3153 1490 3234 omnipotentia

402 3253 548 3333 pecuniae
569 3253 783 3333 frangeretur:
801 3254 906 3333 plures
927 3254 1064 3318 diversae
1089 3253 1343 3319 «commendae»
1368 3253 1436 3317 ideo
1458 3263 1491 3314 ut

402 3353 559 3416 usurariae
571 3362 600 3416 et
611 3353 975 3433 iniquaedamnabautur.
985 3355 1058 3416 lura
1069 3363 1170 3417 autem
1181 3352 1490 3434 pecuniamcommit-

401 3451 623 3533 tentissemper
630 3451 709 3533 apud
723 3451 862 3516 doctores
873 3453 931 3516 hoc
940 3453 1091 3534 principio
1100 3455 1131 3516 S.
1141 3451 1491 3532 Thomaedijudicaban-

403 3560 473 3614 tur:
490 3573 504 3608 a
519 3550 571 3614 ille
583 3551 636 3631 qui
647 3551 808 3614 committit
820 3551 981 3630 pecuniam
992 3567 1078 3614 suam
1088 3551 1246 3614 mercatori
1257 3552 1303 3613 vel
1317 3551 1425 3614 artilici
1437 3564 1490 3630 per

401 3649 527 3713 modurn
544 3649 696 3713 societatis
715 3649 885 3727 cuiusdam,
904 3666 964 3711 non
986 3648 1130 3713 transfert
1150 3649 1323 3712 dominium
1343 3649 1489 3729 pecuniae

402 3761 475 3812 suae
490 3749 522 3810 in
537 3748 637 3824 illum,
654 3747 708 3811 sed
723 3757 859 3810 remanet
879 3747 962 3826 ejus3
980 3747 1022 3810 ita
1043 3746 1124 3825 quod
1144 3763 1213 3811 cum
1234 3746 1370 3828 periculo
1391 3747 1489 3826 ipsius

435 3963 469 4026 (l)
487 3962 524 4019 Cf.
543 3963 659 4028 Banurs,
679 3963 716 4018 lla
735 3963 851 4027 Gthhtto,
871 3965 901 4017 ll.
920 3979 968 4028 ce,
981 3991 1015 4000 -
1029 3962 1094 4020 ldeo
1115 3977 1164 4028 per
1183 3967 1356 4022 transennam
1377 3967 1489 4023 notetur

404 4051 546 4104 perperam
562 4035 711 4094 hodiedum
729 4037 761 4093 ad
780 4037 921 4094 silentium
939 4040 1064 4094 veterum
1082 4038 1275 4105 theologorum
1292 4041 1489 4106 provocarint

400 4109 543 4176 rejiciatur
554 4111 683 4167 salarium
700 4109 774 4177 quod
793 4111 966 4167 «familiale»
983 4117 1081 4168 vocant
1094 4132 1101 4168 :
1115 4128 1210 4169 norma
1222 4116 1297 4171 enim
1308 4130 1414 4179 eorum,
1427 4113 1487 4171 scil.

404 4185 555 4240 aestimatio
566 4186 729 4250 communis,
743 4201 777 4240 eu
788 4185 867 4250 soetts
878 4190 950 4242 esset
962 4188 1040 4253 prius
1051 4186 1266 4244 determinanda.

437 4258 471 4321 ll)
487 4259 526 4314 lta
538 4273 572 4314 ou
584 4260 669 4325 Luuo,
681 4275 723 4326 op.
736 4276 771 4325 e.,
784 4261 855 4328 disp.
868 4261 946 4326 xxx,
958 4264 1024 4318 sect.
1037 4262 1058 4326 1,
1071 4275 1098 4316 n.
1112 4262 1138 4317 l.
1158 4264 1161 4269 '
