3242 4959
348 469 412 515 car.
429 469 461 514 u.
479 467 624 514 uolucrem
638 460 784 513 surannae
799 466 1001 512 sconasrrcau.
1161 447 1220 510 llo

123 627 214 698 idem
229 635 287 699 sub
302 633 408 697 eodem
423 642 561 713 respectu
578 637 766 713 opponatur?
778 635 856 719 Sanc
871 634 1021 714 principia
1039 633 1076 696 de
1091 633 1220 712 pecunia

120 733 385 806 fundamentalia,
409 733 441 795 id
466 740 513 795 est
537 731 648 811 duplex
675 733 724 795 hic
749 742 916 812 respectus,
941 733 1169 812 impugnentur,
1193 733 1219 794 si

125 834 251 913 placeat
277 849 284 894 :
313 841 457 906 attamen,
485 847 547 892 non
572 830 691 893 videtur
716 848 848 910 quonam
876 848 1027 894 successu.
1056 833 1166 894 Verum
1192 832 1219 894 si

123 933 199 1012 ipsa
224 930 388 1011 principia,
416 939 451 993 ut
477 931 541 992 lieri
567 930 654 1005 solet,
684 931 795 993 intacta
817 931 1042 1009 relinquuntur,
1070 946 1220 1010 quaenam

123 1030 330 1094 contradictio
357 1029 542 1092 conclamari
568 1031 689 1108 posset?
717 1031 758 1092 lle
783 1039 912 1104 caetero,
941 1046 1002 1093 non
1024 1030 1082 1093 hoc
1102 1037 1219 1092 tantum

120 1129 271 1208 exemplo
286 1129 340 1191 sed
355 1128 426 1190 aliis
447 1128 546 1190 adhuc
565 1128 717 1190 constabit
737 1128 849 1207 dogma
870 1128 961 1191 Medii
985 1129 1050 1190 aevi
1073 1129 1109 1191 dc
1132 1127 1218 1190 obco-

121 1229 197 1290 iutu
220 1229 366 1308 pecuniae
386 1229 446 1290 imo
462 1229 601 1307 capitalis
624 1229 911 1307 improductivitate,
934 1229 1015 1308 quod
1036 1230 1218 1292 recentiores

125 1325 343 1408 praetendunt,
361 1328 514 1390 somnium
533 1343 600 1389 esse
618 1328 828 1407 interpretum,
846 1344 908 1390 non
924 1337 1023 1391 autern
1041 1329 1217 1408 figmentum

124 1436 280 1490 veterum.

201 1659 269 1733 §ll
294 1659 340 1720 Dc
362 1659 482 1720 cutione
504 1677 539 1720 uc
560 1664 676 1719 notura
695 1657 847 1737 pecuniae
864 1658 960 1735 jttcto
983 1641 1154 1718 doctrinam

409 1755 614 1836 theoloqorum
635 1775 661 1818 s.
686 1757 767 1817 XVI
787 1761 815 1816 ci
837 1755 943 1816 XVII.

130 1925 140 1930 ⁵*
169 1943 366 2020 Exponentes
387 1936 549 2021 quaenam,
564 1943 648 2019 juxta
668 1943 699 2004 S.
716 1942 876 2013 Thornam
895 1941 934 2001 sit
949 1941 1057 2002 intima
1072 1942 1218 2020 pecuniae

124 2041 220 2114 ratio,
239 2057 300 2102 uon
316 2042 408 2103 semel
426 2042 559 2120 Principi
576 2050 709 2104 caeteros
724 2039 1006 2112 cognominavimus
1029 2039 1215 2103 scolasticos

126 2140 163 2202 In
180 2139 288 2202 eadem
305 2139 385 2201 enim
403 2141 526 2202 notione
541 2139 674 2219 theologi
690 2147 719 2200 et
734 2138 920 2210 canonistas,
935 2137 971 2200 de
988 2155 1116 2227 quorum
1132 2155 1218 2218 prae-

128 2238 238 2298 sertim
255 2237 438 2315 inquirimus
453 2238 613 2311 sententia,
632 2237 792 2298 convenire
813 2235 951 2297 videntur
968 2252 975 2296 :
993 2236 1073 2314 quod
1096 2243 1178 2314 patet
1193 2235 1218 2297 si

125 2338 270 2416 ipsorum
286 2337 322 2398 de
337 2337 430 2399 variis
446 2338 524 2399 circa
540 2337 701 2416 pecuniam
717 2337 921 2399 contractibus
936 2335 1072 2398 doctrina
1092 2335 1218 2415 inspici-

129 2444 189 2498 tur.
209 2436 305 2498 h'obis
324 2446 426 2497 tamen
448 2453 535 2498 mens
558 2445 679 2498 nonest
700 2452 805 2498 -nec
828 2436 865 2498 ad
888 2452 1013 2514 scopum
1036 2435 1165 2514 pertinet
1180 2470 1219 2478 —

129 2535 287 2598 doctrinae
316 2535 518 2597 evolutionem
534 2536 709 2603 historicam
730 2552 764 2596 ac
786 2535 992 2597 discussiones
1014 2534 1216 2597 describendi.

125 2633 263 2696 Tantum
287 2641 436 2708 notemus,
462 2634 634 2696 labentibus
654 2635 795 2708 saeculis,
820 2635 968 2695 rationem
992 2634 1137 2712 pecuniae
1161 2650 1220 2712 qua

129 2733 173 2794 rei
203 2731 331 2805 venalis,
356 2724 536 2796 commercio
558 2733 637 2795 inter
658 2732 794 2794 diuersas
816 2732 895 2794 lacto
917 2739 1021 2811 gentes
1043 2741 1071 2793 ct
1098 2733 1222 2818 insuper

129 2832 264 2894 munetis
287 2831 460 2910 frequenter
486 2833 674 2899 adulteratis.
697 2833 866 2894 accuratius
891 2847 983 2909 quam
1010 2847 1026 2892 a
1053 2831 1084 2892 S.
1106 2821 1222 2893 Thema

130 2932 316 2993 illustratam
333 2948 410 3005 esse,
428 2941 457 2994 et
472 2931 608 2994 vicissim
624 2930 753 2992 multum
769 2939 868 3012 actum
892 2945 957 2991 csse
978 2929 1015 2992 de
1038 2929 1221 2992 conditioni-

130 3029 189 3101 bus
218 3029 375 3107 requisitis
405 3039 434 3091 et
463 3030 500 3092 de
530 3029 685 3092 effectibus
714 3027 828 3090 coloris
858 3027 1007 3108 impositi.
1039 3029 1083 3090 Ex
1113 3028 1221 3091 iisdem

128 3118 370 3194 circumstantiis
386 3131 583 3192 oeconomicis
598 3129 791 3207 quaestiones
807 3138 889 3190 ortae
913 3139 984 3189 sunt
1006 3128 1219 3205 accidentales,

131 3229 273 3308 quamvis
295 3246 524 3308 nonnumquam
544 3228 581 3290 ad
599 3229 691 3292 vitam
707 3229 882 3308 practicam,
900 3229 939 3290 ob
962 3229 1085 3290 illorum
1107 3237 1222 3308 tempo-

128 3315 199 3388 rum
216 3326 324 3388 inlelix
340 3329 542 3390 monetarium
558 3327 693 3406 regimen
710 3327 841 3412 multum
858 3326 1005 3388 referrent
1022 3345 1029 3388 :
1048 3327 1089 3389 ita
1108 3327 1223 3406 praeci-

128 3442 203 3505 pue,
218 3425 404 3504 quaerebant
420 3433 521 3487 utrum
537 3425 589 3503 qui
605 3424 643 3486 ad
659 3433 779 3503 tempus
794 3425 954 3503 pecuniam
968 3443 1020 3487 scu
1037 3425 1222 3487 numismata

131 3525 279 3600 crederet,
297 3526 342 3587 tel
360 3526 412 3604 qui
428 3524 465 3586 ad
482 3533 601 3603 tempus
617 3524 768 3599 venderet,
787 3525 831 3587 illi
856 3543 872 3588 a
897 3525 1032 3588 debitore
1054 3527 1114 3586 sint
1135 3525 1220 3587 retri-

133 3623 254 3686 buenda
281 3623 466 3686 numismata
492 3623 522 3684 in
549 3623 654 3685 eodem
681 3638 806 3684 numero
833 3639 868 3685 ae
893 3624 1004 3702 specie,
1033 3640 1071 3685 an
1097 3623 1129 3683 in
1159 3623 1218 3685 alio

129 3740 261 3787 numero
278 3733 306 3785 et
321 3724 421 3804 specie
441 3724 492 3786 sed
515 3724 651 3801 eiusdem
672 3723 784 3786 valoris
806 3724 941 3802 impositi
967 3739 1019 3784 seu
1042 3721 1216 3785 nominalis

127 3844 151 3878 a
164 3824 221 3885 Ille
236 3822 335 3884 vielen
357 3822 418 3884 und
441 3838 567 3901 grossen
590 3822 841 3900 Schuankungen
865 3821 918 3883 des
939 3821 1158 3895 bliimuescns,
1179 3819 1221 3882 ita

134 3921 184 3982 W.
197 3921 379 3983 Endemann
391 3923 437 3998 (t),
450 3921 503 3983 der
514 3919 707 3983 Widerstreit
720 3920 872 3982 zwischen
884 3919 951 3981 dcm
963 3919 1049 3980 color
1060 3917 1222 3998 impositus

166 4132 201 4195 (l)
218 4131 255 4188 dl.
264 4134 416 4195 Studien...
425 4134 457 4196 ll,
467 4147 493 4198 p.
501 4131 559 4186 ata.
568 4132 723 4187 solutiones
737 4112 801 4186 huic
810 4130 962 4197 quaestioni
975 4131 1129 4198 propositas
1138 4129 1222 4200 expo

129 4213 175 4269 uit
185 4218 291 4281 auctor,
303 4230 331 4281 p.
345 4215 464 4279 albida,
476 4219 504 4271 et
516 4214 625 4281 passim.
