3242 4959
691 896 854 989 PARS
891 898 1161 989 ALTERA.

581 1093 634 1168 De
660 1092 795 1168 intimo
822 1093 1058 1190 quaestionis
1086 1092 1268 1168 examine.

422 1482 594 1560 Antequam
614 1479 652 1542 de
671 1487 787 1542 notura
804 1479 912 1559 objecti
933 1489 962 1543 et
986 1479 1023 1543 cle
1045 1487 1162 1543 coloro
1187 1487 1361 1543 contractos
1387 1480 1469 1559 posi·

383 1579 441 1642 tire
467 1595 605 1658 agamus,
634 1588 664 1640 et
684 1578 836 1658 principia
860 1578 897 1641 de
925 1587 1051 1659 utroque
1076 1578 1318 1642 fundamentalia
1342 1595 1379 1641 ex
1400 1593 1467 1657 pro-

381 1677 463 1741 fesso
482 1694 669 1757 exponamus
683 1687 723 1753 et,
739 1687 885 1757 quantum
902 1679 1323 1756 oportuerit-confirmemus,
1341 1678 1426 1757 prius
1440 1684 1467 1740 et

382 1775 506 1855 quidem
521 1776 698 1855 praesertim
713 1776 930 1855 inquirendum
947 1784 993 1838 est
1007 1776 1044 1839 de
1059 1777 1123 1838 illis
1143 1776 1340 1856 conceptibus
1362 1776 1467 1839 lunda-

382 1876 568 1938 mentalibus
597 1877 750 1955 aquibus
776 1885 939 1954 systemata
966 1877 1190 1955 specificantur.
1219 1877 1302 1951 Quae
1331 1893 1411 1944 eunt.
1438 1884 1469 1939 ut

383 1974 565 2049 dictumest,
579 1975 611 2038 11
626 1975 742 2038 ratione
757 1990 792 2037 ac
807 1981 915 2036 natura
930 1975 1070 2054 capitalis
1083 1984 1112 2037 et
1123 1991 1223 2039 rerum
1241 1975 1466 2055 frugiferarum,

381 2083 416 2137 et·
437 2076 469 2137 in
494 2087 602 2139 natrrra
626 2092 773 2155 pecuniae
799 2093 852 2138 seu
878 2077 909 2138 in
936 2077 1083 2140 relatione
1109 2077 1255 2156 pecuniae
1276 2077 1315 2140 ad
1342 2077 1468 2157 capitale

382 2175 615 2251 constituantur,
633 2191 742 2255 operae
762 2176 894 2255 pretium
916 2185 961 2238 est
983 2176 1087 2238 omnia
1108 2184 1173 2238 tum
1195 2193 1232 2238 eo
1254 2176 1385 2238 scientio
1408 2192 1468 2238 mo·

369 2271 479 2334 'derna
495 2282 558 2336 turn
574 2291 612 2336 ee
626 2275 785 2336 scolastico
800 2275 944 2354 colligere
960 2291 1038 2353 quae
1053 2274 1092 2336 ad
1107 2275 1179 2337 illas
1199 2275 1339 2338 notiones
1362 2276 1395 2337 in
1416 2275 1469 2336 bac

382 2388 415 2435 re
436 2373 598 2451 primarias
619 2373 718 2434 lacere
738 2373 867 2452 possint.
887 2374 930 2434 lta
952 2373 1191 2452 progredientes,
1215 2381 1278 2436 turn
1304 2373 1343 2435 ad
1370 2388 1469 2436 veram

382 2470 570 2548 quaestionis
582 2470 764 2534 solutionem
781 2469 893 2533 directe
909 2471 1469 2549 111111111111111111111,11111111

382 2570 551 2648 respectivo
580 2569 646 2632 loco
672 2569 864 2633 occasionem
894 2570 1015 2631 obviam
1044 2569 1225 2633 habebimus
1248 2569 1406 2648 iudicandi
1435 2569 1469 2632 do

384 2669 535 2730 variarum
552 2666 759 2730 fundamentis
774 2669 966 2748 opinionum.

426 2849 523 2923 Unde,
551 2860 585 2911 ut
610 2849 758 2928 quaestio,
786 2850 887 2928 qualis
912 2858 1015 2912 nostro
1042 2857 1176 2929 tempore
1203 2860 1343 2929 ponatur,
1372 2849 1470 2912 debito

385 2947 476 3011 modo
491 2948 567 3010 solvi
583 2949 691 3028 possit,
707 2949 839 3010 sectione
855 2948 974 3028 priore,
991 2967 1187 3020 1111111111
1205 2948 1366 3028 1111111111
1389 2946 1469 3009 solo·

387 3046 480 3108 tionis
495 3063 572 3125 quae
587 3048 660 3109 olim
676 3048 859 3127 simpliciter
873 3065 1044 3129 supponere
1060 3048 1181 3123 licebat,
1196 3046 1249 3110 sed
1262 3063 1343 3110 nunc
1358 3047 1470 3110 baben·

386 3157 437 3211 tur
450 3149 696 3226 soodorneotolia
717 3167 772 3212 neo
796 3151 1074 3230 praetermittenda.
1094 3151 1150 3214 llla
1172 3160 1272 3214 autem
1295 3151 1471 3230 plerumque

385 3246 425 3309 ad
451 3247 606 3310 notionem
632 3249 818 3325 objectorum
844 3249 1052 3328 productivum
1079 3258 1226 3329 spectant.
1251 3249 1337 3313 Unde
1358 3249 1416 3311 bac
1441 3247 1471 3308 in

387 3348 521 3410 sectione
536 3349 730 3428 inquirimus.
755 3365 904 3428 quaenam
921 3351 952 3412 1ο
964 3351 1049 3428 iuxta
1071 3350 1231 3412 scientiam
1255 3349 1471 3412 oeconomicam

386 3445 579 3521 modernam,-
592 3447 629 3510 de
641 3447 766 3524 obiectis
777 3447 912 3521 creditis
924 3448 1024 3526 quoad
1037 3448 1173 3527 ipsorum
1185 3453 1326 3510 naturam
1338 3460 1472 3526 praeser-

387 3546 443 3608 tim
459 3547 516 3610 sub
528 3555 663 3627 respectu
676 3547 929 3627 productiritatis‚
939 3547 979 3610 sit
990 3545 1164 3610 dicendum.
1178 3547 1294 3609 Etcum
1307 3545 1470 3624 imprimis,

386 3646 444 3710 hac
459 3645 490 3707 in
507 3645 729 3717 dissertatione.
755 3655 862 3725 agatur
883 3645 920 3708 de
944 3645 1057 3708 credito
1079 3645 1236 3725 pecuniae,
1257 3644 1415 3724 speciatim
1437 3641 1472 3704 de

386 3745 478 3823 huius
491 3745 613 3808 notione
625 3745 776 3825 agendum
786 3746 860 3808 erit:
873 3745 1014 3825 quamvis
1027 3745 1120 3824 igitur
1132 3744 1164 3805 in
1176 3743 1303 3806 scicntia
1315 3742 1470 3814 moderna,

388 3845 517 3926 pecunia
532 3845 713 3925 simpliciter
727 3845 783 3907 sub
799 3853 946 3924 conceptu
966 3844 1106 3924 capitalis
1124 3843 1195 3923 poni
1220 3842 1325 3914 soleat,
1344 3841 1472 3921 inquiri·

388 3959 458 4006 mus
483 3944 608 4023 quinam
639 3944 678 4006 sit
704 3943 756 4006 ille
782 3944 922 4023 capitalis
951 3952 1115 4022 conceptus
1144 3949 1173 4004 et
1201 3941 1272 4004 dein
1296 3939 1472 4020 praesertim

388 4057 521 4120 quanam
537 4041 569 4103 in
584 4041 731 4104 relatione
746 4040 783 4103 ad
799 4042 881 4104 huno
896 4050 1074 4120 conceptum
1090 4039 1218 4120 pecunia
1233 4039 1336 4102 venire
1355 4037 1470 4101 debeat.

389 4139 444 4218 lta}
455 4140 519 4218 jam
540 4139 690 4218 quaedam
712 4138 749 4202 de
771 4147 879 4201 natura
900 4137 1047 4218 pecuniae
1068 4137 1251 4200 lineamenta
1272 4135 1471 4216 apparebunt.
