3242 4959
440 489 505 535 cnr.
522 489 555 534 11.
572 489 610 534 nn
624 488 788 538 conrnrcrn
804 489 931 536 cnsnrn.
1170 473 1233 538 959

131 653 320 735 ingratiam
340 653 466 718 alterins
487 661 672 734 assumptas,
693 653 773 732 juste
795 654 1004 718 remunerari?
1025 653 1174 730 llxemplo
1193 655 1235 720 sit

135 750 355 832 supraposita
380 750 526 832 obligatio
552 758 617 816 tum
638 751 739 832 quoad
760 752 1019 817 assecurationem
1039 761 1104 816 tum
1130 752 1232 832 quoad

132 851 390 930 ·lidejussionem;
407 850 493 920 item,
510 865 589 914 onus
607 859 798 931 assumptum
812 883 855 898 -
868 851 906 916 de
927 850 1097 929 subjective
1119 866 1183 913 non
1197 849 1235 913 de

135 950 291 1031 objectivc
306 948 547 1030 loquimur-in
562 949 778 1030 promissione,
793 950 826 1012 in
840 948 1016 1023 donatione,
1033 948 1065 1012 in
1080 950 1235 1030 emptione

141 1085 164 1094 -
178 1048 377 1113 venditione:
399 1047 512 1128 ubique
532 1055 652 1128 praeter
673 1062 738 1112 rem
760 1049 895 1128 gratuito
918 1048 1114 1129 promissam,
1139 1046 1235 1112 dona·

133 1155 218 1223 tam,
235 1147 281 1209 vel
298 1146 396 1226 pretio
413 1144 569 1219 tribulam,
586 1146 717 1210 occurrit
738 1145 896 1210 eademne
915 1147 952 1208 in
972 1154 1080 1210 mutuo
1100 1153 1132 1210 et
1151 1145 1233 1210 loca·

137 1245 227 1309 tione
247 1243 394 1325 obligatio
413 1243 548 1308 carendi.
565 1243 740 1309 Absurdum
757 1260 830 1308 sane
848 1244 924 1325 quid
938 1245 1042 1321 vellet,
1061 1245 1231 1325 quilebet,

137 1343 348 1408 abstractione
376 1343 456 1406 facta
484 1360 502 1407 a
526 1358 570 1419 re,
601 1343 681 1407 banc
709 1343 928 1424 obligationem
957 1359 1027 1408 esse
1055 1359 1233 1425 recompen-

130 1443 284 1507 ··sandam.

135 1591 138 1598 .
185 1541 292 1622 igitur,
310 1539 460 1603 dissoluto
476 1537 673 1604 fundamento
688 1540 858 1620 supposito,
875 1540 999 1604 laudata
1013 1557 1105 1622 opera
1117 1541 1231 1623 legenti

144 1640 260 1721 patebit
288 1654 377 1702 ruere
405 1639 507 1719 priora
536 1639 633 1702 Lessii
661 1648 852 1720 argumenta,
883 1641 1021 1721 Luqonis
1050 1641 1235 1705 subtilitates

130 1753 333 1813 ¹evanescere,
360 1746 388 1800 et
414 1737 496 1800 viam
521 1737 664 1802 locationi
689 1738 836 1818 pecuniae
860 1739 1017 1818 praecludi
1047 1756 1055 1803 :
1083 1739 1128 1803 ita
1151 1739 1234 1802 enim

134 1836 258 1900 reditur
280 1835 319 1899 ad
345 1835 530 1916 principium
551 1851 643 1916 supra
666 1844 823 1912 statutum,
847 1837 965 1902 scilicet
987 1837 1143 1902 creditum
1159 1853 1234 1901 usus

140 1955 207 2002 esse
229 1936 399 2001 formaliter
419 1935 571 1999 creditum
594 1936 748 2017 terporis,
766 1936 896 2016 ideoque
919 1937 1068 2017 praecise,
1084 1937 1124 2002 ad
1144 1946 1233 2000 natu·

131 2051 207 2099 ¹ram
222 2044 394 2100 contractus
409 2033 656 2115 specificandum,
673 2035 823 2098 rationem
837 2035 1013 2099 habendam
1027 2051 1095 2100 esse
1109 2044 1234 2099 naturae

131 2151 226 2210 -usus,
243 2150 306 2198 non
320 2134 478 2215 temporis.

183 2430 299 2507 Quodsi
315 2431 453 2512 insignes
468 2431 614 2510 theologi,
633 2447 669 2495 ex
684 2430 833 2495 elemento
854 2430 1001 2510 temporis
1015 2444 1176 2510 perpenso,
1193 2428 1233 2493 ad

127 2531 220 2595 ·‘mira
235 2530 385 2610 quaedam
397 2531 585 2607 devenerint,
599 2529 740 2594 nonnulli
754 2528 895 2594 hodierni
912 2528 1140 2604 oeconomistae,
1155 2528 1235 2592 duce

130 2632 177 2695 ll.
194 2649 250 2694 von
265 2632 505 2705 Bona-Brwnnn,
522 2630 639 2710 ingenti
653 2630 814 2694 conanime
828 2629 1002 2692 universam
1016 2628 1228 2709 quaestionem

127 2729 177 2793 de
190 2730 273 2793 lucro
285 2745 322 2792 ex
333 2729 461 2809 pecnnia
470 2736 499 2792 et
511 2728 633 2809 capiuli
644 2736 784 2808 percepto
792 2743 829 2790 ex
837 2727 904 2806 ipsa
915 2725 1071 2807 praedicta
1082 2727 1232 2796 temnorts

140 2829 275 2905 notione,
286 2828 496 2909 quamvisalio
505 2828 738 2908 prorsnsmodo,
748 2826 920 2891 dilucidare
931 2826 1233 2908 studentltl.Nempe

126 2928 270 3006 scriptor
294 2926 347 2990 ille
370 2927 458 3006 ponit
478 2927 536 2990 lrcc
555 2925 787 2990 fundamentum
809 2942 817 2988 :
836 2924 1014 2989 «creditum
1035 2939 1101 2988 esse
1123 2939 1225 2987 veram

126 3025 392 3106 'permutationem
413 3024 494 3089 bona
515 3024 685 3107 praesentia
706 3024 785 3087 inter
806 3030 836 3087 et
860 3023 989 3087 lutura»
1006 3024 1054 3101 (ab
1072 3022 1153 3102 quod
1168 3039 1224 3086 no·

126 3123 213 3188 *tioni
228 3122 336 3187 crediti
351 3138 443 3204 supra
459 3123 575 3203 positae
589 3122 678 3202 plene
691 3122 843 3206 convenit.
857 3121 961 3202 Atqui,
978 3123 1021 3186 ita
1034 3123 1135 3202 pergit
1151 3122 1227 3202 ipse,

140 3224 253 3288 «bena
277 3223 448 3303 praesentia
474 3222 642 3303 generatim
671 3222 740 3303 plns
767 3222 869 3287 valent
897 3238 991 3302 quam
1017 3222 1098 3286 bona
1123 3222 1227 3287 lutura

134 3321 273 3400 eiusdem
294 3320 405 3402 speciei
426 3336 461 3385 ac
482 3321 629 3384 numeri»
651 3323 699 3398 (3).
722 3321 813 3401 Ergo,
837 3321 870 3383 in
895 3337 1088 3401 quocumque
1113 3320 1227 3385 credito

125 3436 189 3501 per
203 3437 247 3496 se,
265 3435 385 3500 semper
399 3429 428 3484 et
442 3419 567 3500 ubique,
581 3418 697 3498 iustum
712 3419 889 3483 auctarium
903 3419 1016 3494 oritur;
1037 3435 1092 3484 seu
1108 3420 1221 3501 potius,

132 3519 219 3600 quod
234 3520 301 3600 ipse
315 3519 412 3601 logice
425 3518 568 3604 ostendit,
586 3520 618 3582 in
633 3535 824 3599 quocumque
843 3520 969 3596 credito,
987 3529 1021 3584 ut
1040 3520 1224 3584 retribuatur

134 3617 218 3682 idem
233 3618 314 3698 qnod
329 3616 476 3682 tributum
490 3617 542 3694 sit,
559 3618 724 3698 requiritur
744 3627 776 3703 nt
799 3618 970 3683 differentia
991 3619 1071 3683 inter
1089 3617 1225 3682 valorem

130 3717 283 3798 »temporis
305 3717 476 3797 praesentis
499 3732 536 3780 ac
559 3716 665 3791 futuri,
689 3725 808 3798 praeter
832 3719 931 3798 ipsam
956 3708 1032 3793 rem,
1056 3717 1221 3781 solvatur:

141 3814 225 3880 «der
238 3817 474 3881 barlabenszins
492 3815 532 3880 ist
553 3817 602 3880 ein
621 3815 885 3898 Tlteildquiuclent
901 3815 950 3880 fuir
967 3817 1027 3881 den
1048 3816 1227 3898 geliebenen

130 3913 384 3996 Hauptstcmm»
402 3917 449 3992 lt).

168 4105 203 4170 (ll
220 4105 257 4163 ut.
271 4119 365 4174 supra,
377 4121 404 4175 p.
417 4105 449 4162 dl
461 4120 484 4162 s.

171 4179 206 4243 (9)
222 4179 260 4236 ct.
273 4193 315 4246 op.
328 4193 361 4244 c..
375 4181 396 4245 l,
409 4195 436 4247 ll·
450 4178 511 4245 313:
524 4181 557 4245 ll,
570 4194 597 4246 ll·
611 4179 669 4236 999.

169 4253 204 4318 (3)
220 4253 258 4310 ci.
270 4254 317 4319 to..
330 4255 362 4319 ll,
375 4269 402 4321 ll·
415 4253 474 4320 blo,
487 4253 550 4311 eoll.
562 4253 621 4311 969.

162 4327 203 4392 ll)
220 4327 258 4385 Gi.
270 4328 318 4396 ila,
330 4329 363 4395 ll,
376 4343 403 4396 p.
416 4328 475 4385 319.
