3242 4959
625 453 791 519 cotmusro.
1191 431 1253 507 aab

166 628 272 692 mistae
288 644 380 709 quam
401 629 545 710 theologi,
563 627 648 694 illem
666 627 782 710 ingenti
805 627 966 693 conamine
986 631 1250 708 oppugnaverunt.

166 738 203 800 rb
229 737 300 814 hoc,
328 738 359 800 ui
388 738 536 813 fallimur,
564 755 600 802 ex
626 737 850 802 dissertationis
881 737 978 799 Parte
1009 734 1106 798 altere
1139 733 1247 798 elucet.

166 845 304 926 Insuper,
332 863 420 926 quae,
448 846 552 911 eadem
578 845 611 908 iu
636 855 733 926 parte.
758 845 794 910 de
821 842 936 908 theoria
957 841 1086 906 scholae
1111 839 1250 905 unanimi

166 952 392 1032 inquisivimus,
416 953 441 1016 si
467 971 502 1016 ea
523 969 688 1033 componas
708 969 778 1016 cum
800 952 938 1016 doctriua
963 966 1066 1032 quam,
1094 949 1126 1011 iu
1147 946 1251 1029 priori

167 1059 271 1134 Parte,
292 1060 372 1140 apud
394 1061 547 1142 graviores
568 1061 725 1140 theologos
747 1069 776 1124 et
797 1060 974 1141 praesertim
1000 1074 1095 1139 penes
1119 1057 1251 1122 auctori-

166 1174 258 1229 tatem
273 1167 426 1232 Ecclesiae
446 1183 619 1247 supremam
642 1183 696 1247 per
715 1168 772 1230 tria
794 1167 902 1230 ultima
922 1165 1044 1228 saecula
1065 1164 1249 1238 invenimus,

167 1274 363 1338 traditionem
385 1275 584 1339 doctrinalem
598 1275 761 1357 conspicis,
780 1275 852 1339 iude
866 1292 884 1338 a
899 1274 1009 1339 Schola
1029 1273 1157 1337 lundata
1177 1287 1250 1336 con·

167 1389 308 1476 stantem,
325 1378 354 1448 et
369 1383 497 1464 proinde
512 1382 627 1448 nemini
643 1382 857 1464 spernendam.

208 1617 290 1692 Quae
306 1611 455 1696 principia
472 1632 509 1678 ne
525 1613 751 1680 confundantur
765 1631 801 1678 ac
820 1612 1059 1694 permisceantur
1076 1611 1252 1676 eorumdem

167 1722 363 1803 applicationi
389 1722 592 1786 oecouomicae
618 1738 626 1786 :
655 1721 737 1802 quod
763 1728 865 1784 tameo
891 1719 955 1783 lieri
981 1719 1069 1783 solet.
1098 1719 1253 1800 imprimis

168 1829 240 1909 quid
264 1829 302 1892 ad
324 1829 391 1909 ipsa
415 1828 565 1908 principia
587 1827 690 1904 refert,
719 1827 798 1907 quod
825 1827 899 1889 olim
925 1825 1027 1890 foeuus
1047 1825 1111 1890 iere
1132 1841 1253 1906 semper

167 1936 378 2013 damnabatur,
402 1953 483 2000 nunc
508 1953 525 2000 e
550 1953 694 2000 converso
716 1935 883 2000 universim
906 1935 1070 2016 probaturi
1091 1934 1252 1997 lrrationa·

167 2045 268 2108 biliter
283 2045 458 2124 loquuntur,
478 2044 530 2125 qui
546 2043 801 2109 contradictiones
816 2043 959 2108 continuo
976 2042 1173 2106 contendunt.
1193 2043 1251 2106 lle-

167 2151 248 2228 inde,
263 2153 405 2233 sepositis
419 2152 590 2233 principiis,
605 2151 781 2214 nullatenus
792 2167 847 2232 per
858 2150 905 2214 ias
916 2158 945 2214 et
956 2149 1042 2214 nefas
1054 2149 1252 2213 asserendum

167 2259 307 2324 ducimus
332 2260 489 2340 theologos
511 2275 627 2336 omnes,
645 2259 737 2323 etiam
752 2260 963 2340 gravissimos,
981 2259 1175 2322 auctoritates
1189 2258 1251 2320 imo

166 2367 397 2442 ecclesiasticae,
418 2383 538 2447 semper
558 2383 594 2430 ac
614 2366 739 2447 ubique,
762 2366 846 2430 omui
869 2383 930 2446 qua
951 2366 1070 2430 deceret
1090 2363 1251 2446 prudentia

165 2489 201 2536 ac
217 2473 425 2537 moderamine
446 2473 483 2537 de
505 2473 595 2537 rebus
616 2475 813 2539 oecouomicis
835 2490 870 2538 ac
891 2473 1033 2554 practicis
1054 2471 1248 2552 diiudicasse.

166 2581 240 2654 Quis
262 2581 482 2645 rationabiliter
497 2582 554 2646 hoc
569 2581 692 2658 diceret,
711 2598 780 2646 cum
802 2589 864 2645 tota
885 2581 1012 2645 historia
1035 2581 1150 2661 liqueat
1168 2579 1251 2658 judi·

165 2689 246 2752 cium
262 2690 376 2752 morale
395 2705 579 2770 magnopere
600 2690 638 2753 ab
660 2688 812 2768 adjunctis
834 2696 1017 2769 temporum,
1039 2704 1249 2768 personarum,

164 2811 200 2860 ac
211 2803 408 2875 systematum
420 2795 570 2877 pendere?
585 2797 622 2858 lit
636 2797 793 2876 speciatim
806 2796 905 2876 quoad
918 2796 1067 2874 iudicium
1082 2797 1251 2876 practicum

164 2903 197 2964 iu
211 2902 362 2983 praesenti
378 2903 553 2982 quaestione
570 2901 738 2978 ferendum,
757 2919 828 2965 cum
844 2910 886 2965 tot
901 2918 937 2966 ac
951 2909 1014 2966 tam
1028 2903 1129 2966 variae
1149 2902 1254 2967 condi·

165 3011 263 3073 tiones
278 3017 449 3089 temporum
464 3025 500 3072 ac
515 3009 649 3074 locorum
665 3007 727 3071 siut
746 3008 956 3083 attendendae,
978 3010 1149 3072 aestimatio
1171 3025 1251 3072 com-

165 3118 279 3193 munie,
297 3117 387 3182 modo
403 3134 438 3182 ex
454 3117 604 3196 adiunctis
618 3133 679 3180 000
695 3116 735 3179 sit
748 3117 864 3194 vitiata,
881 3117 1054 3197 gravissimi
1077 3134 1144 3180 esse
1164 3117 1252 3181 debet

166 3224 320 3304 ponderis.
340 3224 482 3299 Proinde,
500 3240 548 3286 res
563 3233 642 3286 esset
657 3223 889 3286 intricatissima
907 3222 1129 3286 determinandi
1150 3233 1252 3287 utrum

166 3333 230 3411 qui,
249 3331 412 3411 aliquando
428 3331 473 3394 vel
490 3331 613 3406 alicubi,
631 3331 788 3394 communi
804 3330 1008 3394 aestimationi
1023 3331 1250 3408 contraiverint,

165 3439 315 3531 principia
340 3439 543 3502 immutabilia
565 3439 807 3518 praetendentes,
832 3439 906 3503 haec
931 3456 986 3502 sua
1007 3439 1158 3519 principia
1180 3454 1252 3518 pru-

165 3549 271 3614 denter
296 3548 524 3629 applicaverint.
549 3546 635 3621 erod
661 3565 722 3611 uon
749 3547 978 3627 inquisivimus
1002 3565 1057 3612 uec
1077 3547 1128 3611 bic
1149 3548 1251 3627 inqui·

166 3673 278 3721 remus.

207 3765 287 3828 Haec
302 3763 395 3845 probe
417 3763 550 3829 notanda
571 3771 657 3827 eraut
681 3780 688 3826 :
713 3779 782 3827 cum
804 3763 915 3829 modus
935 3763 972 3827 de
994 3765 1050 3829 hac
1075 3763 1252 3845 quaestione

166 3870 287 3952 agendi,
314 3870 478 3942 hodiedum
503 3871 597 3934 nimis
616 3871 756 3946 usitatus
784 3871 844 3934 huc
865 3870 978 3947 redeat,
1003 3878 1035 3933 ut
1056 3869 1192 3950 quaestio
1215 3869 1252 3932 de
1284 3878 1286 3882 ·

167 3977 301 4042 auctario
329 3994 365 4040 ex
396 3977 526 4058 pecunia
559 3985 700 4057 percepto
732 3985 850 4040 tantum
882 3977 1015 4058 practica
1050 3993 1085 4041 ac
1114 3976 1251 4056 discipli-

167 4087 249 4149 naris
263 4085 419 4149 habeatur.
437 4086 568 4149 Proinde
585 4087 734 4166 principia
750 4085 823 4149 olim
839 4092 1030 4165 propugnata
1051 4094 1080 4147 et
1101 4085 1252 4148 declarata

167 4194 209 4257 ita
235 4201 316 4258 arcte
342 4193 492 4272 adjunctis
518 4193 713 4258 oecouomicis
739 4193 823 4256 illius
845 4193 911 4256 aevi
933 4193 1138 4269 cohaererent,
1160 4200 1193 4255 ut
1216 4207 1253 4255 ex
