3242 4959
579 472 806 523 -XXI-

145 638 279 721 quidem
293 638 496 704 auctoritatis
514 657 578 705 non
599 644 811 721 spernendae,
826 644 868 706 ad
885 659 998 708 eorum
1017 645 1181 723 sequelam
1200 661 1236 707 se

67 736 74 745 “
147 736 373 821 accingebant.
390 740 431 803 Et
448 738 494 803 ita
512 742 644 805 tandem
663 740 784 818 evenit,
806 744 844 806 ut
862 740 1004 821 theologi
1025 742 1236 807 «laudatores

147 836 305 918 temporis
315 836 380 903 acti
394 872 408 903 s
422 840 614 917 habeantur,
627 858 700 904 cum
711 840 856 921 plerique
867 844 979 907 eodem
989 856 1119 921 prorsus
1129 844 1233 918 modo,

149 954 214 1019 quo
238 936 325 1014 olim,
352 936 389 1001 de
413 941 523 1003 mutuo
548 942 577 1003 et
604 958 708 1003 usuro
736 939 822 1021 loqui
849 943 996 1020 pergant.
1024 943 1103 1005 Cum
1128 938 1237 1019 itaque

148 1034 273 1102 ultimis
297 1036 472 1116 decenniis,
499 1040 600 1103 status
628 1037 834 1120 quaestionis,
860 1042 957 1103 extra
983 1058 1023 1103 ac
1050 1041 1238 1119 plerumque

149 1137 265 1199 contra
279 1134 485 1217 theologiam,
501 1136 643 1202 maxime
657 1140 838 1215 evolvatur,
851 1141 885 1203 et
895 1156 969 1204 cum
979 1140 1020 1201 ab
1030 1140 1135 1203 altera
1145 1140 1239 1217 parte

150 1228 287 1300 scientia
311 1235 492 1317 theologica
517 1235 551 1300 in
573 1240 635 1303 hoc
657 1241 777 1317 puncto
801 1236 971 1303 immobilis
995 1236 1169 1318 persistere
1191 1235 1239 1301 vi-

151 1335 278 1412 deatur,
295 1351 373 1399 sane
386 1334 471 1399 ratio
485 1339 577 1402 adest
597 1356 692 1416 quam
713 1336 856 1402 maxima
877 1340 913 1403 ut
932 1336 1103 1403 hodiedum
1123 1337 1236 1401 eadem

151 1433 307 1515 quaestio,
336 1434 497 1514 respectui
528 1436 709 1517 theologico
736 1436 968 1502 oeconomicum
1002 1437 1235 1515 conjungendo,

151 1534 269 1599 iterato
284 1532 434 1599 examine
449 1534 665 1600 submittatur.

193 1635 328 1713 Insuper
341 1636 481 1699 alterum
495 1637 586 1699 adest
600 1636 720 1700 iactum
730 1633 954 1711 scientificum,
967 1632 1140 1715 etquidem
1153 1633 1240 1700 inter

152 1730 327 1797 catholicos
337 1750 376 1796 ac
388 1734 564 1813 theologos,
573 1732 662 1798 hisce
674 1732 790 1813 viginti
801 1731 923 1797 ultimis
931 1732 1039 1809 annis,
1053 1732 1236 1812 spectabile.

152 1830 340 1896 Attentione
357 1830 476 1895 iterum
490 1850 532 1896 ex
546 1834 688 1911 professo
703 1831 736 1894 in
749 1830 917 1912 antiquum
926 1833 1091 1911 problema
1102 1830 1237 1909 directa,

152 1930 299 1997 nonnulli
326 1929 433 1995 redire
457 1929 630 1995 intendunt
657 1932 699 1994 ad
727 1933 855 1996 veteres
885 1930 1049 1994 doctrinas
1081 1928 1236 2011 integras,

153 2046 288 2111 quarum
312 2028 447 2109 puritas,
474 2028 633 2110 adjunctis
658 2029 802 2110 quamvis
828 2028 970 2107 mutatis,
999 2027 1033 2092 in
1061 2033 1123 2094 hoc
1146 2048 1239 2109 prae·

153 2128 264 2194 sertim
279 2128 470 2194 consisteret
484 2130 566 2209 quod
580 2128 666 2194 tituli
681 2128 813 2193 foenoris
826 2128 1014 2207 extrinseci,
1026 2132 1061 2193 et
1073 2128 1240 2209 speciatim

154 2230 279 2291 lucrum
293 2245 433 2304 cessans,
449 2226 627 2291 etiamnum
641 2225 767 2308 singulo
781 2226 815 2290 in
830 2247 906 2293 casu
920 2226 1142 2307 probationem
1157 2226 1240 2307 posi·

153 2326 253 2391 tivam
267 2326 448 2407 exigerent.

194 2426 253 2503 Qui
267 2426 427 2493 sentiendi
442 2429 553 2492 modus
567 2425 738 2492 hodiedum
753 2429 867 2491 nactus
881 2429 931 2491 est
945 2426 1068 2506 aliquos
1086 2429 1240 2507 patronos

154 2529 239 2591 haud
261 2526 343 2591 levis
366 2525 579 2603 auctoritatis,
594 2529 628 2591 et
649 2524 777 2605 quidem
799 2528 869 2590 tum
894 2528 1065 2590 nonnullos
1091 2528 1239 2591 auctores

155 2624 376 2692 oeconomistas
396 2627 436 2689 ad
452 2624 594 2689 sobolom
604 2612 803 2688 austriaeom
809 2623 1021 2704 pertinentes,
1034 2628 1114 2701 tum,
1123 2623 1240 2689 omisso

155 2723 331 2790 tentamine
356 2742 421 2789 non
442 2723 618 2789 scientifico
637 2726 676 2786 D.
694 2726 807 2801 Morel,
824 2725 941 2787 multos
957 2722 1096 2803 junioris
1114 2721 1240 2787 scbolae

153 2824 288 2908 pellicco
303 2823 495 2905 discopulos,
511 2824 564 2905 qui
583 2823 710 2889 ardenti
729 2822 834 2888 studio
851 2822 1006 2888 scientiae
1024 2822 1240 2888 oeconomicae

154 2924 374 2989 incumbentes
399 2925 535 2987 eandem
559 2925 599 2986 ad
625 2940 753 2986 sensum
775 2920 988 2985 christianum
1011 2923 1167 2986 reducere
1187 2938 1240 2985 co-

154 3028 283 3087 nantur.
311 3024 360 3086 En
388 3030 482 3102 parte
510 3020 684 3098 contraria,
711 3020 817 3087 studio
844 3040 883 3086 ac
910 3023 1020 3086 labore
1047 3021 1240 3088 eximiorum

155 3124 387 3203 theologorum,
403 3121 497 3187 multi
511 3124 662 3187 recenter
675 3139 715 3186 eo
729 3139 829 3201 usque
843 3119 1093 3201 progrediuntur
1108 3124 1145 3185 ut
1162 3138 1239 3185 con-

155 3224 299 3298 tendant,
329 3220 488 3302 adjunctis
513 3219 716 3285 oeconomicis
739 3220 883 3297 mutatis,
910 3222 1061 3284 naturam
1085 3220 1240 3299 pecuniae

155 3341 192 3386 ac
207 3324 392 3386 contractus
406 3319 520 3385 crediti
535 3319 630 3401 qussi
647 3319 865 3391 essentialiter
877 3321 1035 3384 mutatam
1049 3336 1120 3385 esse
1136 3340 1143 3381 :
1159 3322 1240 3385 adeo

155 3426 200 3499 ut,
218 3423 301 3502 quod
318 3425 416 3486 antea
429 3419 540 3485 sterile
554 3423 637 3497 erat,
649 3426 718 3501 jam
733 3420 774 3484 sit
789 3420 1093 3502 primisecundum,
1109 3422 1144 3484 et
1157 3422 1240 3500 quod

154 3520 230 3585 olim
244 3523 390 3584 mutuum
404 3522 487 3596 erat,
504 3518 598 3583 hodie
613 3521 670 3583 fiat
684 3519 780 3600 quasi
794 3518 922 3584 locatio.
943 3520 1033 3583 Novo
1054 3522 1115 3583 hoc
1133 3517 1239 3583 eonci-

154 3617 260 3699 piendi
279 3622 383 3695 modo,
401 3617 487 3682 tituli
506 3615 682 3681 extrinseci
703 3634 769 3681 non
789 3618 891 3681 solum
911 3614 1089 3681 universim
1109 3630 1239 3695 praesu·

154 3721 295 3797 muntur,
324 3720 358 3782 at
386 3716 527 3797 insuper,
557 3714 777 3781 deficientibus
804 3714 961 3792 omnibus,
989 3717 1092 3779 foenus
1119 3717 1239 3794 perse

152 3822 218 3897 jam
234 3814 358 3881 liceret.
424 3826 425 3829 ’
539 3815 542 3823 ’

194 3918 306 3997 Itaque
330 3915 448 3994 mirum
471 3920 532 3981 hoc
553 3920 788 3995 phoenomenon
808 3912 1020 3979 scientificum
1040 3930 1118 3991 prae
1137 3911 1239 3976 oculis

157 4013 273 4079 nostris
284 4016 434 4078 versatur
448 4036 454 4077 :
468 4017 543 4077 dum
554 4017 638 4093 apud
650 4015 821 4078 nonnullos
831 4009 1054 4078 oeconomistas
1065 4010 1239 4076 catholicos

145 4113 229 4201 ¹talis
244 4117 334 4180 ortus
346 4117 396 4179 est
410 4113 568 4179 sentiendi
583 4117 695 4180 modus
706 4132 767 4195 quo
781 4116 822 4177 ad
836 4112 964 4193 praxim
977 4110 1080 4191 magis
1091 4130 1239 4178 severam

157 4214 300 4291 tendant,
317 4217 523 4295 veteremque
539 4212 701 4279 Fcclesiae
716 4211 896 4278 doctrinam
914 4213 1089 4292 appellent,
1105 4215 1239 4277 econtra
