3242 4959
849 445 1106 527 -XX-'

412 646 593 725 arguuntur
607 642 667 723 ipsi
681 646 752 706 tum
765 644 803 705 ob
824 640 899 720 alia,
921 644 991 705 tum
1010 640 1177 721 speciatim
1197 644 1236 707 ob
1257 640 1417 707 incuriam
1436 661 1518 723 qua

411 745 577 822 aspectum
594 740 757 807 societatis
770 739 1002 805 oeconomicum
1022 740 1112 820 quasi
1130 743 1234 805 totum
1253 747 1350 807 extra
1369 742 1518 823 provin-

412 840 495 906 ciam
510 860 601 906 suam
617 838 820 920 reliquerint.
838 838 955 915 Quavis
968 842 1062 927 modo
1075 843 1186 904 autem
1198 858 1313 905 necans
1327 842 1409 905 haec
1422 859 1509 906 con-
1615 925 1616 930 ἵ

410 937 571 1004 troversia
584 940 625 1003 de
640 940 791 1003 methodo
804 936 986 1017 theologiae
1000 936 1131 1001 moralis
1140 936 1315 1017 judicetur,
1331 941 1413 1003 baec
1428 938 1512 1019 ipsa
1615 933 1616 1016 ξ

411 1036 577 1102 stimulum
605 1034 695 1100 nobis
721 1036 843 1101 addidit
871 1038 911 1100 ad
940 1034 1159 1116 quaestionem
1187 1036 1417 1103 oeconomicam
1442 1041 1514 1103 sul>
1615 1021 1616 1042 ¹

411 1139 560 1216 respectu
584 1134 704 1199 morali
726 1134 952 1215 indagandam.
976 1136 1016 1196 nt
1040 1134 1168 1214 quidem
1191 1134 1301 1199 multis
1320 1135 1512 1202 ratiombus.

410 1234 510 1311 ducti,
526 1238 611 1299 hanc
625 1234 662 1299 de
674 1234 761 1313 iusto
776 1233 923 1298 amieria
941 1254 980 1297 ea
997 1238 1163 1297 contractu
1181 1234 1294 1298 crediti
1313 1235 1499 1316 selegimus.
1615 1239 1616 1244 ’

452 1335 541 1398 Haec
554 1332 623 1413 ipsa
637 1334 678 1397 ad
689 1332 790 1397 vitam
805 1331 967 1397 societatis
980 1331 1137 1413 pertingit
1149 1332 1312 1411 intimam3
1326 1333 1359 1397 in
1370 1336 1497 1413 eadem,

411 1430 654 1497 decurrentibus
673 1430 810 1496 saeculis
827 1449 867 1495 ac
887 1430 1078 1509 praesertim
1099 1433 1185 1508 XIX,
1208 1430 1291 1495 mira
1304 1435 1339 1497 et
1353 1431 1506 1497 inaudita

411 1528 577 1595 doctrinae
590 1528 732 1594 evolutio
746 1527 953 1608 perspicitur;
969 1528 1091 1594 ultimis
1102 1528 1191 1594 hisce
1202 1528 1377 1606 decenniis,
1389 1529 1506 1594 omnia
1615 1527 1616 1540 ¹

411 1628 598 1710 quibusdam
620 1628 749 1693 vocibus
771 1626 893 1692 absolvi
917 1626 1080 1703 videntur,
1101 1630 1139 1692 ut
1161 1626 1369 1707 ucapitale»,
1395 1648 1409 1677 α
1426 1628 1498 1693 uni-
1615 1641 1616 1652 ¹

410 1745 506 1792 versa
519 1727 675 1806 pecuniae
689 1725 922 1807 productivitas
939 1760 967 1803 e,
988 1730 1022 1791 et
1035 1724 1201 1803 similibus,
1218 1744 1300 1806 quae
1319 1728 1406 1806 apud
1426 1726 1501 1791 nni-

410 1842 521 1891 versos
542 1824 677 1905 cuidem
697 1828 858 1911 solemnes
881 1828 968 1901 sunt,
995 1827 1029 1888 at
1053 1826 1238 1890 nullatenus
1262 1842 1362 1904 penes
1385 1840 1500 1899 omnes
1615 1829 1616 1832 ’

410 1926 549 1989 eundem
562 1941 691 1988 sensum
711 1942 751 1987 ac
770 1924 907 1987 eandem
927 1920 1123 1987 sententiam
1142 1920 1327 1998 includunt;
1350 1921 1496 2003 insuper,

411 2025 467 2087 sub
478 2026 540 2087 hoc
549 2025 709 2102 respectu,
719 2040 783 2087 non
794 2039 893 2101 aegro
903 2019 1156 2101 deprehenditur
1165 2020 1499 2103 fascinatioquaedam

300 2200 302 2203 ¹
411 2118 580 2186 ascientia
594 2118 790 2184 oeconomica
802 2118 924 2199 injecta
943 2118 977 2182 in
997 2118 1193 2198 theologiam
1212 2122 1381 2196 moralem,
1403 2138 1498 2201 quae,

411 2217 556 2300 Quamvis
585 2216 688 2285 veteri
724 2220 860 2283 Scholae
895 2219 1088 2283 verbotenus
1123 2220 1240 2283 saltem
1274 2218 1500 2296 consentiens,
1615 2205 1616 2242 l

410 2321 520 2381 tamen
534 2333 655 2381 novum
668 2318 800 2381 modum
819 2334 873 2380 res
893 2314 1092 2395 concipiendi
1113 2320 1148 2382 et
1166 2315 1348 2395 exponendi
1368 2315 1499 2396 saepius
1615 2309 1616 2322 ¹

411 2416 526 2487 alicnis
540 2434 584 2481 ex
597 2416 737 2481 lontibus
750 2416 871 2481 haurit.
895 2418 983 2491 Quae
1003 2416 1111 2481 omnia
1131 2435 1190 2497 per
1208 2416 1407 2482 curriculum
1427 2436 1501 2483 nos·
1615 2405 1616 2446 ³

410 2519 498 2580 trum
517 2514 735 2596 theologicum
754 2521 824 2593 jam
849 2532 927 2594 prae
951 2518 1061 2580 mente
1085 2518 1328 2581 versabantur:
1351 2514 1496 2596 ideoque,

410 2612 611 2679 occasionem
632 2612 731 2689 nacti,
748 2631 866 2692 operae
886 2611 1027 2692 pretium
1047 2611 1196 2679 duximus
1216 2612 1375 2694 principia
1395 2614 1498 2680 sciere

411 2712 499 2777 tifica
527 2716 622 2794 hujus
647 2711 853 2777 multiformis
877 2710 1084 2791 problematis
1108 2711 1206 2776 altius
1228 2715 1263 2778 et
1285 2730 1330 2777 ex
1357 2714 1500 2792 professo

411 2811 586 2894 inquirere.
613 2815 664 2875 An
689 2814 742 2877 vel
773 2827 936 2893 quousque
959 2815 1086 2891 tempus
1113 2815 1260 2877 nostrum
1289 2810 1348 2877 tali
1374 2811 1502 2878 intento

411 2912 573 2976 fructuose
587 2909 848 2992 impenderimus,
866 2909 934 2990 ipse
943 2910 1068 2990 judicet
1082 2913 1185 2975 lector
1198 2912 1384 2975 benevolus.

453 3010 588 3073 Praeter
611 3010 772 3073 rationem
795 3008 887 3071 illam
906 3010 1094 3087 generalem
1118 3011 1184 3073 tale
1207 3007 1370 3076 intentum
1392 3028 1501 3089 prose·

412 3106 541 3187 quendi,
567 3107 684 3171 adsunt
707 3105 851 3171 rationes
878 3106 1035 3185 speciales
1062 3124 1101 3170 ac
1128 3106 1307 3186 quaestioni
1336 3107 1500 3187 propriae,

299 3208 301 3212 ’
413 3208 528 3269 adsunt
546 3223 661 3285 nempe
679 3206 765 3270 sacta
783 3204 962 3269 scientifica
974 3224 1070 3282 nova,
1087 3204 1200 3285 quibus
1220 3224 1340 3270 novum
1359 3225 1500 3275 examen

412 3322 451 3369 ac
464 3302 583 3369 iterata
598 3302 759 3369 sententia
780 3301 815 3365 in
834 3321 966 3367 causam
987 3302 1153 3383 antiquam
1173 3307 1364 3384 postuletur.
1381 3308 1422 3368 nt
1440 3304 1500 3371 im·

412 3400 525 3481 primis
539 3401 677 3481 quidem,
689 3401 812 3481 judicio
826 3403 866 3464 ad
881 3419 1002 3465 annum
1019 3404 1099 3466 1830
1107 3404 1253 3483 practico
1268 3406 1345 3480 lato,
1357 3404 1499 3485 theologi

413 3499 482 3579 ipsa
506 3498 664 3580 principia
688 3497 957 3579 disputationibus
975 3499 1178 3576 tradiderant
1201 3501 1499 3579 oeccnomistarum3

412 3597 477 3679 qui,
494 3597 617 3679 ingenti
632 3600 741 3664 labore
755 3603 789 3665 et
803 3601 933 3674 conatu,
949 3596 1092 3662 maxima
1106 3617 1203 3678 saepe
1221 3597 1358 3664 scientia
1375 3604 1410 3665 et
1426 3619 1501 3668 eru.-

413 3697 545 3774 ditione,
576 3701 753 3778 systemata
780 3696 993 3763 aedificarunt
1016 3696 1166 3776 plurima,
1193 3716 1275 3777 quae
1298 3698 1408 3768 omnia
1431 3716 1500 3765 seo·

413 3797 548 3863 lecticae
562 3796 728 3861 doctrinae
745 3795 891 3876 opposita
907 3800 992 3860 sunt.
1010 3794 1127 3871 Quibus
1141 3795 1241 3861 variis
1258 3796 1392 3867 theoriis
1406 3797 1501 3864 multi

414 3896 564 3963 catholici
587 3898 766 3963 adhaerere
787 3915 852 3962 non
874 3889 1071 3962 dubitabant.
1096 3899 1248 3976 Insuper,
1274 3915 1364 3974 cum,
1390 3900 1503 3962 schola

413 3995 569 4061 historica
584 3999 626 4061 ad
644 3995 785 4061 medium
805 4016 831 4059 s.
855 3998 930 4059 XIX
948 3998 1093 4073 fundata,
1115 3994 1209 4059 multi
1230 3994 1383 4060 doctrinis
1403 3995 1501 4061 Medii

414 4094 487 4161 aevi
501 4113 544 4162 ex
559 4097 700 4175 professo
718 4098 896 4172 studerent,
913 4114 991 4175 quas
1009 4099 1046 4159 ut
1064 4092 1329 4159 contradictorias
1348 4098 1384 4159 et
1394 4113 1502 4162 sanae

414 4192 516 4257 menti
530 4192 733 4259 adversarias
751 4195 971 4271 traducerent,
989 4193 1107 4258 itemm
1124 4192 1272 4257 nonnulli
1290 4192 1452 4271 catholici,
1467 4198 1503 4259 et
