3242 4959
402 487 443 552 98
852 507 923 552 nnus
945 508 1043 554 nnron.
1176 469 1180 478 ⁸

400 674 521 747 praeter
545 668 677 748 pretium
706 668 822 731 ahusus
850 669 974 749 aliquod
1010 671 1142 750 pretium
1177 670 1300 735 domino
1329 670 1503 746 00000101,

400 767 589 848 respondens
603 769 737 832 auctario
753 769 896 848 capitalis
910 770 1142 849 aequivalentis.
1157 770 1243 845 Quod
1259 770 1372 851 duplex
1387 775 1493 833 aucta·

399 867 491 941 rium,
506 868 592 947 Juxta
605 869 686 931 hanc
700 868 896 944 sententiam,
913 869 1046 949 pretium
1061 877 1107 932 est
1124 871 1279 951 temporis,
1298 887 1352 933 000
1367 885 1492 949 000100-

399 973 498 1030 000101
513 966 715 1030 differentiam
730 967 844 1030 valoris
858 984 936 1048 quae
953 968 1033 1032 hona
1048 969 1217 1049 praesentia
1234 970 1314 1034 inter
1334 977 1364 1033 et
1387 968 1499 1032 futura·
1598 957 1599 974 ¹

398 1064 491 1144 viget.
516 1062 723 1127 Differentiam
746 1075 848 1127 autem
874 1066 989 1129 valoris
1014 1067 1094 1129 inter
1119 1084 1154 1130 ea
1175 1068 1303 1130 existere
1328 1083 1364 1131 ex
1391 1066 1500 1130 trihus·

400 1162 580 1243 praesertim
600 1163 772 1227 rationibus
793 1163 954 1228 deducitur
972 1183 978 1227 :
996 1165 1112 1229 scilicet
1130 1166 1207 1229 «die
1221 1166 1493 1230 verschiedenheit

400 1261 455 1324 der
481 1262 874 1343 Versorgunsverhdltnisse
904 1263 936 1325 in
966 1265 1147 1344 Gegenwart
1174 1265 1237 1328 und
1266 1263 1408 1338 Zulmnft‚
1439 1263 1500 1326 die
1599 1267 1600 1292 ³

400 1361 656 1441 perspectirische
675 1362 938 1443 Unterschatzung
958 1362 1113 1443 liinltiger
1126 1363 1280 1427 Vortheile
1300 1364 1363 1427 und
1385 1363 1490 1438 Giiter,

400 1459 463 1522 und
491 1459 615 1524 endlieh
640 1458 689 1523 die
712 1458 851 1542 gnoscere
880 1461 1087 1542 Ergiehigkeit
1113 1463 1326 1543 langtvieriger
1352 1461 1488 1525 Produk·

399 1557 681 1622 tionsmethoden»
709 1561 754 1636 (t).
786 1560 861 1623 Cum
890 1560 942 1622 hic
967 1561 1052 1623 10000
1078 1576 1139 1623 000
1169 1561 1208 1623 011
1236 1561 1290 1623 1110
1319 1559 1498 1624 accuratius

400 1660 583 1740 exponendi,
601 1659 681 1723 inira
697 1660 807 1724 dehac
822 1660 940 1751 theoria
956 1677 1057 1724 sermo
1075 1661 1196 1725 redibit.

805 1917 1028 1982 hhuluuctls
1050 1917 1090 1979 li.

668 2081 834 2140 QUOMODO
857 2080 1028 2139 QUAESTIO
1050 2080 1228 2130 PONATUR.

444 2275 487 2336 lle
501 2273 567 2337 0010
577 2273 652 2352 jere
665 2272 806 2334 00100011
821 2272 853 2334 10
868 2280 949 2334 recto
964 2287 1102 2351 agemus.

443 2371 570 2450 chare
584 2387 656 2433 sane
678 2369 794 2445 divino,
818 2377 908 2449 prout
931 2367 1066 2433 lontibus
1087 2368 1282 2433 revelationis
1303 2369 1488 2440 continetun.

402 2477 526 2550 possent
541 2468 637 2532 multa
652 2468 810 2531 catholicis
826 2468 913 2556 valde
928 2475 1116 2530 momentosa
1132 2466 1241 2530 disseri
1260 2483 1267 2529 :
1285 2483 1402 2543 verum,
1419 2483 1491 2531 cum·

402 2570 439 2634 ad
454 2572 513 2634 hoc
527 2569 744 2651 praestandum
759 2569 914 2632 volumina
929 2577 1030 2632 essent
1045 2567 1213 2647 implenda,
1226 2569 1339 2647 quihus
1351 2568 1485 2632 doctrina
1603 2565 1604 2570 ’

401 2670 621 2734 describeretur
643 2667 800 2747 utriusque
815 2667 1000 2730 Testamenti
1025 2675 1054 2730 et
1080 2667 1258 2746 praesertim
1280 2675 1324 2731 101
1350 2667 1485 2732 0000010·

401 2785 469 2832 rum
488 2766 685 2841 Traditionis‚
701 2782 770 2830 cum
792 2774 893 2830 autem
916 2775 1035 2846 tempus
1057 2765 1147 2828 nohis
1168 2781 1346 2829 conoessum
1367 2766 1495 2830 1000100Ι

401 2867 558 2946 eitonam
573 2874 607 2928 ut
621 2874 740 2929 tantum
756 2881 834 2945 0000
849 2865 945 2946 000011
959 2864 1084 2943 expleri,
1102 2864 1164 2927 imo
1180 2880 1248 2926 cum
1263 2864 1392 2926 historia
1406 2879 1485 2927 0100-

403 2965 525 3028 nomica
541 2965 708 3027 multarum
729 2964 889 3044 regionum
912 2972 942 3027 et
967 2963 1120 3026 variorum
1144 2973 1315 3042 temporum
1334 2962 1487 3042 hucusque

403 3062 506 3126 minus
526 3062 644 3125 exculta
664 3062 754 3126 nohis
775 3061 924 3136 videatur,
942 3077 1033 3141 quam
1049 3068 1082 3124 01
1103 3060 1314 3124 conclusiones
1336 3069 1434 3123 certae
1452 3059 1495 3122 de·

404 3161 572 3242 theologica
597 3160 735 3224 doctrina
764 3160 925 3224 duodecim
955 3161 1125 3240 primorum
1151 3159 1343 3223 saeculorum
1371 3159 1496 3240 possint

403 3258 506 3332 statui,
523 3256 637 3320 idcirco
652 3257 691 3320 ah
705 3257 764 3320 hoc
778 3255 892 3318 directe
906 3256 1063 3320 tractando
1078 3255 1169 3320 nohis
1190 3264 1237 3320 est
1259 3256 1485 3320 abstinendum.

402 3358 543 3420 Attamen
569 3373 646 3437 quae
669 3355 708 3419 ad
733 3357 810 3420 illud
840 3355 966 3432 iaciunt,
993 3357 1089 3420 multa
1117 3373 1172 3437 per
1199 3357 1340 3421 accidens
1369 3357 1493 3421 ohviarn

401 3454 598 3532 habehimus;
616 3462 646 3517 et
660 3454 786 3534 insuper
799 3455 964 3535 specialius
979 3454 1131 3535 agendum
1146 3456 1205 3518 erit
1216 3455 1254 3518 de
1269 3454 1408 3518 doctrina
1423 3455 1494 3530 illa,

402 3570 456 3634 per
470 3555 559 3634 plura
574 3553 695 3616 saecula
713 3553 864 3628 unanimi,
882 3553 1053 3628 scolastica,
1071 3569 1148 3631 quae
1168 3569 1240 3616 sane
1262 3554 1369 3616 intime
1383 3552 1489 3617 Tradi-

401 3654 476 3717 tioni
492 3653 648 3716 adhaeret.
1082 3649 1084 3653 ’

442 3755 505 3817 Νο0
525 3752 563 3816 de
578 3753 652 3832 jore
672 3750 871 3814 ecclesiastico
898 3749 1046 3814 hodierno
1064 3751 1155 3815 nobis
1173 3751 1237 3830 J'am
1259 3760 1305 3814 001
1324 3750 1493 3831 agendum.

400 3853 595 3932 Exponentes
609 3853 692 3915 enim
711 3851 934 3915 controversiae
954 3851 1126 3926 historiam,
1145 3850 1182 3914 de
1204 3849 1333 3914 decretis
1355 3849 1490 3913 romanis

401 3951 597 4013 tractavimus
613 3965 702 4030 quae,
719 3965 774 4029 per
787 3950 942 4012 saeculum
957 3951 1030 4012 xix
1046 3951 1117 4026 lata,
1135 3949 1286 4029 principia
1304 3949 1428 4030 quidem
1441 3949 1497 4028 jus

399 4051 560 4129 antiquum
585 4050 722 4130 regentia
746 4065 809 4113 non
834 4051 1029 4131 abrogarunt,
1055 4049 1276 4130 legislationem
1298 4065 1368 4113 vero
1391 4049 1495 4112 lledio

433 4244 467 4307 (ll
484 4243 522 4301 Cf.
536 4259 578 4310 op.
591 4259 625 4310 0.,
639 4246 670 4309 11,
684 4259 711 4310 0.
725 4243 785 4301 189.
