<?xml version="1.0" encoding="UTF-8"?>
<!DOCTYPE html PUBLIC "-//W3C//DTD XHTML 1.0 Transitional//EN"
    "http://www.w3.org/TR/xhtml1/DTD/xhtml1-transitional.dtd">
<html xmlns="http://www.w3.org/1999/xhtml" xml:lang="en" lang="en">
 <head>
  <title>
</title>
<meta http-equiv="Content-Type" content="text/html;charset=utf-8" />
  <meta name='ocr-system' content='tesseract 3.04.00' />
  <meta name='ocr-capabilities' content='ocr_page ocr_carea ocr_par ocr_line ocrx_word'/>
</head>
<body>
  <div class='ocr_page' id='page_1' title='image "./dejustoauctario00roeygoog_0250.png"; bbox 0 0 3242 4959; ppageno 0'>
   <div class='ocr_carea' id='block_1_1' title="bbox 422 420 1144 488">
    <p class='ocr_par' dir='ltr' id='par_1_1' title="bbox 422 420 1144 488">
     <span class='ocr_line' id='line_1_1' title="bbox 422 420 1144 488; baseline 0.003 -2"><span class='ocrx_word' id='word_1_1' title='bbox 422 420 483 486; x_wconf 66' lang='lat' dir='ltr'>ibi</span> <span class='ocrx_word' id='word_1_2' title='bbox 785 438 858 486; x_wconf 76' lang='lat' dir='ltr'>runs</span> <span class='ocrx_word' id='word_1_3' title='bbox 872 439 994 486; x_wconf 75' lang='lat' dir='ltr'>rernm.</span> <span class='ocrx_word' id='word_1_4' title='bbox 1012 439 1092 487; x_wconf 84' lang='lat' dir='ltr'>scer.</span> <span class='ocrx_word' id='word_1_5' title='bbox 1110 440 1144 488; x_wconf 89' lang='lat' dir='ltr'>n.</span> 
     </span>
    </p>
   </div>
   <div class='ocr_carea' id='block_1_2' title="bbox 415 601 1518 1969">
    <p class='ocr_par' dir='ltr' id='par_1_2' title="bbox 415 601 1518 980">
     <span class='ocr_line' id='line_1_2' title="bbox 415 601 1518 682; baseline 0.004 -14"><span class='ocrx_word' id='word_1_6' title='bbox 415 601 613 682; x_wconf 83' lang='lat' dir='ltr'>objectivum,</span> <span class='ocrx_word' id='word_1_7' title='bbox 640 603 792 668; x_wconf 88' lang='lat' dir='ltr'>abstracta</span> <span class='ocrx_word' id='word_1_8' title='bbox 820 601 984 679; x_wconf 88' lang='lat' dir='ltr'>industria,</span> <span class='ocrx_word' id='word_1_9' title='bbox 1010 603 1099 668; x_wconf 88' lang='lat' dir='ltr'>alteri</span> <span class='ocrx_word' id='word_1_10' title='bbox 1126 602 1315 673; x_wconf 70' lang='lat' dir='ltr'>vendibilem</span> <span class='ocrx_word' id='word_1_11' title='bbox 1338 620 1417 670; x_wconf 82' lang='lat' dir='ltr'>esse.</span> <span class='ocrx_word' id='word_1_12' title='bbox 1445 605 1518 680; x_wconf 82' lang='lat' dir='ltr'>Quo</span> 
     </span>
     <span class='ocr_line' id='line_1_3' title="bbox 420 701 1515 784; baseline 0.005 -19"><span class='ocrx_word' id='word_1_13' title='bbox 420 702 531 784; x_wconf 89' lang='lat' dir='ltr'>posito,</span> <span class='ocrx_word' id='word_1_14' title='bbox 545 710 700 766; x_wconf 91' lang='lat' dir='ltr'>corrueret</span> <span class='ocrx_word' id='word_1_15' title='bbox 714 702 782 782; x_wconf 88' lang='lat' dir='ltr'>ipsa</span> <span class='ocrx_word' id='word_1_16' title='bbox 797 701 882 766; x_wconf 92' lang='lat' dir='ltr'>notio</span> <span class='ocrx_word' id='word_1_17' title='bbox 896 702 1049 782; x_wconf 90' lang='lat' dir='ltr'>capitalis,</span> <span class='ocrx_word' id='word_1_18' title='bbox 1061 718 1156 783; x_wconf 84' lang='lat' dir='ltr'>quam</span> <span class='ocrx_word' id='word_1_19' title='bbox 1171 704 1375 784; x_wconf 82' lang='lat' dir='ltr'><strong>supponimus</strong></span> <span class='ocrx_word' id='word_1_20' title='bbox 1388 721 1426 768; x_wconf 87' lang='lat' dir='ltr'>ae</span> <span class='ocrx_word' id='word_1_21' title='bbox 1439 721 1515 770; x_wconf 90' lang='lat' dir='ltr'>mox</span> 
     </span>
     <span class='ocr_line' id='line_1_4' title="bbox 417 800 1518 883; baseline 0.003 -18"><span class='ocrx_word' id='word_1_22' title='bbox 417 800 780 882; x_wconf 88' lang='lat' dir='ltr'>applicareconabimur.</span> <span class='ocrx_word' id='word_1_23' title='bbox 794 801 833 864; x_wconf 84' lang='lat' dir='ltr'>Et</span> <span class='ocrx_word' id='word_1_24' title='bbox 843 800 925 876; x_wconf 89' lang='lat' dir='ltr'>ideo,</span> <span class='ocrx_word' id='word_1_25' title='bbox 941 800 975 864; x_wconf 93' lang='lat' dir='ltr'>in</span> <span class='ocrx_word' id='word_1_26' title='bbox 989 809 1191 876; x_wconf 86' lang='lat' dir='ltr'>antecessum,</span> <span class='ocrx_word' id='word_1_27' title='bbox 1205 801 1332 866; x_wconf 91' lang='lat' dir='ltr'>omnino</span> <span class='ocrx_word' id='word_1_28' title='bbox 1345 802 1518 883; x_wconf 80' lang='lat' dir='ltr'><strong>requiritur</strong></span> 
     </span>
     <span class='ocr_line' id='line_1_5' title="bbox 418 897 1230 980; baseline 0.001 -17"><span class='ocrx_word' id='word_1_29' title='bbox 418 908 453 963; x_wconf 92' lang='lat' dir='ltr'>nt</span> <span class='ocrx_word' id='word_1_30' title='bbox 466 900 602 963; x_wconf 85' lang='lat' dir='ltr'>notionis</span> <span class='ocrx_word' id='word_1_31' title='bbox 617 899 757 980; x_wconf 89' lang='lat' dir='ltr'>capitalis</span> <span class='ocrx_word' id='word_1_32' title='bbox 771 897 1008 964; x_wconf 79' lang='lat' dir='ltr'>tundamentum</span> <span class='ocrx_word' id='word_1_33' title='bbox 1022 900 1230 964; x_wconf 85' lang='lat' dir='ltr'>confirmetur.</span> 
     </span>
    </p>

    <p class='ocr_par' dir='ltr' id='par_1_3' title="bbox 417 997 1518 1574">
     <span class='ocr_line' id='line_1_6' title="bbox 459 997 1518 1079; baseline 0.002 -15"><span class='ocrx_word' id='word_1_34' title='bbox 459 999 564 1079; x_wconf 81' lang='lat' dir='ltr'>Atqui,</span> <span class='ocrx_word' id='word_1_35' title='bbox 581 997 749 1062; x_wconf 86' lang='lat' dir='ltr'>sentcntiae</span> <span class='ocrx_word' id='word_1_36' title='bbox 770 997 944 1078; x_wconf 77' lang='lat' dir='ltr'>praedictae</span> <span class='ocrx_word' id='word_1_37' title='bbox 965 998 1161 1064; x_wconf 87' lang='lat' dir='ltr'>concedimus</span> <span class='ocrx_word' id='word_1_38' title='bbox 1182 999 1352 1064; x_wconf 85' lang='lat' dir='ltr'>humanum</span> <span class='ocrx_word' id='word_1_39' title='bbox 1372 1000 1518 1066; x_wconf 90' lang='lat' dir='ltr'>laborem</span> 
     </span>
     <span class='ocr_line' id='line_1_7' title="bbox 417 1096 1515 1178; baseline 0.004 -18"><span class='ocrx_word' id='word_1_40' title='bbox 417 1096 611 1178; x_wconf 86' lang='lat' dir='ltr'>productioni</span> <span class='ocrx_word' id='word_1_41' title='bbox 626 1111 728 1161; x_wconf 91' lang='lat' dir='ltr'>rerum</span> <span class='ocrx_word' id='word_1_42' title='bbox 743 1096 878 1172; x_wconf 87' lang='lat' dir='ltr'>utilium,</span> <span class='ocrx_word' id='word_1_43' title='bbox 892 1112 947 1161; x_wconf 90' lang='lat' dir='ltr'>seu</span> <span class='ocrx_word' id='word_1_44' title='bbox 964 1097 1197 1174; x_wconf 78' lang='lat' dir='ltr'>«utilitatum»,</span> <span class='ocrx_word' id='word_1_45' title='bbox 1210 1097 1396 1178; x_wconf 82' lang='lat' dir='ltr'>praeprimis</span> <span class='ocrx_word' id='word_1_46' title='bbox 1409 1099 1515 1164; x_wconf 87' lang='lat' dir='ltr'>solere</span> 
     </span>
     <span class='ocr_line' id='line_1_8' title="bbox 418 1194 1516 1276; baseline 0.002 -17"><span class='ocrx_word' id='word_1_47' title='bbox 418 1210 608 1272; x_wconf 85' lang='lat' dir='ltr'>concurrere,</span> <span class='ocrx_word' id='word_1_48' title='bbox 626 1201 656 1258; x_wconf 89' lang='lat' dir='ltr'>et</span> <span class='ocrx_word' id='word_1_49' title='bbox 669 1194 737 1258; x_wconf 91' lang='lat' dir='ltr'>ideo</span> <span class='ocrx_word' id='word_1_50' title='bbox 753 1195 786 1258; x_wconf 93' lang='lat' dir='ltr'>in</span> <span class='ocrx_word' id='word_1_51' title='bbox 802 1210 904 1259; x_wconf 85' lang='lat' dir='ltr'>rerum</span> <span class='ocrx_word' id='word_1_52' title='bbox 921 1195 1054 1259; x_wconf 89' lang='lat' dir='ltr'>valorem</span> <span class='ocrx_word' id='word_1_53' title='bbox 1068 1195 1320 1276; x_wconf 77' lang='lat' dir='ltr'>commutatiuum</span> <span class='ocrx_word' id='word_1_54' title='bbox 1340 1195 1516 1261; x_wconf 78' lang='lat' dir='ltr'>industriae</span> 
     </span>
     <span class='ocr_line' id='line_1_9' title="bbox 418 1293 1516 1376; baseline 0.002 -18"><span class='ocrx_word' id='word_1_55' title='bbox 418 1295 552 1359; x_wconf 89' lang='lat' dir='ltr'>valorem</span> <span class='ocrx_word' id='word_1_56' title='bbox 577 1293 746 1358; x_wconf 77' lang='lat' dir='ltr'>formaliter</span> <span class='ocrx_word' id='word_1_57' title='bbox 771 1294 908 1375; x_wconf 76' lang='lat' dir='ltr'>ingredi3</span> <span class='ocrx_word' id='word_1_58' title='bbox 936 1294 990 1358; x_wconf 92' lang='lat' dir='ltr'>sed</span> <span class='ocrx_word' id='word_1_59' title='bbox 1012 1294 1110 1358; x_wconf 91' lang='lat' dir='ltr'>eidem</span> <span class='ocrx_word' id='word_1_60' title='bbox 1131 1295 1327 1376; x_wconf 91' lang='lat' dir='ltr'>opponimus,</span> <span class='ocrx_word' id='word_1_61' title='bbox 1351 1296 1516 1361; x_wconf 86' lang='lat' dir='ltr'>invalere</span> 
     </span>
     <span class='ocr_line' id='line_1_10' title="bbox 418 1392 1512 1475; baseline 0.002 -18"><span class='ocrx_word' id='word_1_62' title='bbox 418 1409 521 1458; x_wconf 90' lang='lat' dir='ltr'>rerum</span> <span class='ocrx_word' id='word_1_63' title='bbox 535 1393 657 1459; x_wconf 91' lang='lat' dir='ltr'>utilium</span> <span class='ocrx_word' id='word_1_64' title='bbox 672 1392 878 1457; x_wconf 86' lang='lat' dir='ltr'>mensurando</span> <span class='ocrx_word' id='word_1_65' title='bbox 894 1410 956 1458; x_wconf 92' lang='lat' dir='ltr'>non</span> <span class='ocrx_word' id='word_1_66' title='bbox 971 1394 1071 1458; x_wconf 91' lang='lat' dir='ltr'>solum</span> <span class='ocrx_word' id='word_1_67' title='bbox 1086 1393 1222 1458; x_wconf 87' lang='lat' dir='ltr'>laborem</span> <span class='ocrx_word' id='word_1_68' title='bbox 1240 1410 1308 1458; x_wconf 88' lang='lat' dir='ltr'>esse</span> <span class='ocrx_word' id='word_1_69' title='bbox 1328 1402 1512 1475; x_wconf 91' lang='lat' dir='ltr'>computan-</span> 
     </span>
     <span class='ocr_line' id='line_1_11' title="bbox 418 1492 1433 1574; baseline -0.001 -15"><span class='ocrx_word' id='word_1_70' title='bbox 418 1494 504 1570; x_wconf 90' lang='lat' dir='ltr'>dum,</span> <span class='ocrx_word' id='word_1_71' title='bbox 521 1492 574 1558; x_wconf 88' lang='lat' dir='ltr'>sed</span> <span class='ocrx_word' id='word_1_72' title='bbox 589 1501 618 1558; x_wconf 90' lang='lat' dir='ltr'>et</span> <span class='ocrx_word' id='word_1_73' title='bbox 633 1492 731 1574; x_wconf 88' lang='lat' dir='ltr'>ipsius</span> <span class='ocrx_word' id='word_1_74' title='bbox 746 1493 889 1556; x_wconf 79' lang='lat' dir='ltr'>utilitatis</span> <span class='ocrx_word' id='word_1_75' title='bbox 902 1493 947 1556; x_wconf 90' lang='lat' dir='ltr'>rei</span> <span class='ocrx_word' id='word_1_76' title='bbox 963 1493 995 1556; x_wconf 94' lang='lat' dir='ltr'>in</span> <span class='ocrx_word' id='word_1_77' title='bbox 1010 1510 1044 1557; x_wconf 88' lang='lat' dir='ltr'>se</span> <span class='ocrx_word' id='word_1_78' title='bbox 1055 1492 1137 1573; x_wconf 85' lang='lat' dir='ltr'>juste</span> <span class='ocrx_word' id='word_1_79' title='bbox 1150 1494 1300 1558; x_wconf 89' lang='lat' dir='ltr'>rationem</span> <span class='ocrx_word' id='word_1_80' title='bbox 1315 1495 1433 1558; x_wconf 91' lang='lat' dir='ltr'>baberi.</span> 
     </span>
    </p>

    <p class='ocr_par' dir='ltr' id='par_1_4' title="bbox 416 1591 1515 1969">
     <span class='ocr_line' id='line_1_12' title="bbox 459 1591 1514 1674; baseline 0.002 -18"><span class='ocrx_word' id='word_1_81' title='bbox 459 1593 492 1656; x_wconf 71' lang='lat'>2⁰</span> <span class='ocrx_word' id='word_1_82' title='bbox 506 1593 638 1669; x_wconf 82' lang='lat' dir='ltr'>Etenim,</span> <span class='ocrx_word' id='word_1_83' title='bbox 655 1591 767 1657; x_wconf 89' lang='lat' dir='ltr'>utendo</span> <span class='ocrx_word' id='word_1_84' title='bbox 787 1591 889 1655; x_wconf 89' lang='lat' dir='ltr'>verbis</span> <span class='ocrx_word' id='word_1_85' title='bbox 904 1593 939 1656; x_wconf 87' lang='lat' dir='ltr'>P.</span> <span class='ocrx_word' id='word_1_86' title='bbox 957 1592 1154 1657; x_wconf 85' lang='lat' dir='ltr'>Vermeerscb</span> <span class='ocrx_word' id='word_1_87' title='bbox 1170 1594 1218 1670; x_wconf 86' lang='lat' dir='ltr'>(r),</span> <span class='ocrx_word' id='word_1_88' title='bbox 1237 1594 1337 1673; x_wconf 79' lang='lat' dir='ltr'>«quis</span> <span class='ocrx_word' id='word_1_89' title='bbox 1351 1592 1514 1674; x_wconf 78' lang='lat' dir='ltr'>ambigere</span> 
     </span>
     <span class='ocr_line' id='line_1_13' title="bbox 416 1689 1515 1773; baseline 0.002 -19"><span class='ocrx_word' id='word_1_90' title='bbox 416 1691 514 1773; x_wconf 87' lang='lat' dir='ltr'>possit</span> <span class='ocrx_word' id='word_1_91' title='bbox 528 1691 689 1772; x_wconf 84' lang='lat' dir='ltr'>plerasque</span> <span class='ocrx_word' id='word_1_92' title='bbox 700 1706 750 1754; x_wconf 86' lang='lat' dir='ltr'>res</span> <span class='ocrx_word' id='word_1_93' title='bbox 761 1691 804 1753; x_wconf 91' lang='lat' dir='ltr'>ita</span> <span class='ocrx_word' id='word_1_94' title='bbox 815 1689 997 1754; x_wconf 90' lang='lat' dir='ltr'>constitutas</span> <span class='ocrx_word' id='word_1_95' title='bbox 1011 1706 1078 1754; x_wconf 90' lang='lat' dir='ltr'>esse</span> <span class='ocrx_word' id='word_1_96' title='bbox 1092 1699 1125 1754; x_wconf 93' lang='lat' dir='ltr'>ut</span> <span class='ocrx_word' id='word_1_97' title='bbox 1140 1690 1269 1767; x_wconf 86' lang='lat' dir='ltr'>utilitas,</span> <span class='ocrx_word' id='word_1_98' title='bbox 1283 1690 1388 1771; x_wconf 91' lang='lat' dir='ltr'>copiae</span> <span class='ocrx_word' id='word_1_99' title='bbox 1403 1691 1515 1756; x_wconf 84' lang='lat' dir='ltr'>linitae</span> 
     </span>
     <span class='ocr_line' id='line_1_14' title="bbox 417 1787 1512 1871; baseline 0.002 -18"><span class='ocrx_word' id='word_1_100' title='bbox 417 1798 446 1854; x_wconf 89' lang='lat' dir='ltr'>et</span> <span class='ocrx_word' id='word_1_101' title='bbox 470 1806 563 1870; x_wconf 84' lang='lat' dir='ltr'>quam</span> <span class='ocrx_word' id='word_1_102' title='bbox 586 1790 670 1868; x_wconf 85' lang='lat' dir='ltr'>juvat</span> <span class='ocrx_word' id='word_1_103' title='bbox 695 1787 824 1869; x_wconf 87' lang='lat' dir='ltr'>proinde</span> <span class='ocrx_word' id='word_1_104' title='bbox 849 1787 1017 1868; x_wconf 87' lang='lat' dir='ltr'>possidere,</span> <span class='ocrx_word' id='word_1_105' title='bbox 1041 1788 1118 1868; x_wconf 88' lang='lat' dir='ltr'>ipsis</span> <span class='ocrx_word' id='word_1_106' title='bbox 1142 1789 1254 1868; x_wconf 90' lang='lat' dir='ltr'>partim</span> <span class='ocrx_word' id='word_1_107' title='bbox 1279 1789 1354 1852; x_wconf 92' lang='lat' dir='ltr'>insit</span> <span class='ocrx_word' id='word_1_108' title='bbox 1375 1789 1416 1853; x_wconf 89' lang='lat' dir='ltr'>ab</span> <span class='ocrx_word' id='word_1_109' title='bbox 1438 1790 1512 1871; x_wconf 86' lang='lat' dir='ltr'>ipsa</span> 
     </span>
     <span class='ocr_line' id='line_1_15' title="bbox 416 1885 1514 1969; baseline 0.002 -17"><span class='ocrx_word' id='word_1_110' title='bbox 416 1891 545 1953; x_wconf 77' lang='lat' dir='ltr'>natura?</span> <span class='ocrx_word' id='word_1_111' title='bbox 559 1890 669 1964; x_wconf 82' lang='lat' dir='ltr'>Quare,</span> <span class='ocrx_word' id='word_1_112' title='bbox 687 1887 828 1969; x_wconf 90' lang='lat' dir='ltr'>quamvis</span> <span class='ocrx_word' id='word_1_113' title='bbox 842 1885 972 1951; x_wconf 85' lang='lat' dir='ltr'>fortasse</span> <span class='ocrx_word' id='word_1_114' title='bbox 992 1888 1127 1950; x_wconf 88' lang='lat' dir='ltr'>bumana</span> <span class='ocrx_word' id='word_1_115' title='bbox 1147 1904 1225 1968; x_wconf 92' lang='lat' dir='ltr'>opus</span> <span class='ocrx_word' id='word_1_116' title='bbox 1246 1887 1286 1952; x_wconf 92' lang='lat' dir='ltr'>sit</span> <span class='ocrx_word' id='word_1_117' title='bbox 1300 1887 1452 1952; x_wconf 89' lang='lat' dir='ltr'>industria</span> <span class='ocrx_word' id='word_1_118' title='bbox 1469 1890 1514 1954; x_wconf 89' lang='lat' dir='ltr'>ad</span> 
     </span>
    </p>
   </div>
   <div class='ocr_carea' id='block_1_3' title="bbox 415 1984 1605 2067">
    <p class='ocr_par' dir='ltr' id='par_1_5' title="bbox 415 1984 1605 2067">
     <span class='ocr_line' id='line_1_16' title="bbox 415 1984 1605 2067; baseline 0.001 -17"><span class='ocrx_word' id='word_1_119' title='bbox 415 2003 465 2050; x_wconf 91' lang='lat' dir='ltr'>res</span> <span class='ocrx_word' id='word_1_120' title='bbox 478 1985 630 2052; x_wconf 89' lang='lat' dir='ltr'>vehendas</span> <span class='ocrx_word' id='word_1_121' title='bbox 651 1986 698 2049; x_wconf 89' lang='lat' dir='ltr'>vel</span> <span class='ocrx_word' id='word_1_122' title='bbox 715 1985 747 2048; x_wconf 90' lang='lat' dir='ltr'>in</span> <span class='ocrx_word' id='word_1_123' title='bbox 762 1986 924 2050; x_wconf 90' lang='lat' dir='ltr'>meliorem</span> <span class='ocrx_word' id='word_1_124' title='bbox 942 1985 1125 2067; x_wconf 80' lang='lat' dir='ltr'>redigendas</span> <span class='ocrx_word' id='word_1_125' title='bbox 1146 1984 1288 2060; x_wconf 81' lang='lat' dir='ltr'>formam,</span> <span class='ocrx_word' id='word_1_126' title='bbox 1305 1987 1514 2051; x_wconf 91' lang='lat' dir='ltr'>nibilominus</span> <span class='ocrx_word' id='word_1_127' title='bbox 1604 2026 1605 2067; x_wconf 42' lang='lat' dir='ltr'>p</span> 
     </span>
    </p>
   </div>
   <div class='ocr_carea' id='block_1_4' title="bbox 412 2084 1513 3152">
    <p class='ocr_par' dir='ltr' id='par_1_6' title="bbox 414 2084 1513 2661">
     <span class='ocr_line' id='line_1_17' title="bbox 415 2084 1511 2168; baseline -0.002 -18"><span class='ocrx_word' id='word_1_128' title='bbox 415 2084 455 2150; x_wconf 91' lang='lat' dir='ltr'>ad</span> <span class='ocrx_word' id='word_1_129' title='bbox 470 2100 593 2166; x_wconf 85' lang='lat' dir='ltr'>operam</span> <span class='ocrx_word' id='word_1_130' title='bbox 608 2085 710 2160; x_wconf 82' lang='lat' dir='ltr'>ismm,</span> <span class='ocrx_word' id='word_1_131' title='bbox 728 2085 815 2164; x_wconf 87' lang='lat' dir='ltr'>cujus</span> <span class='ocrx_word' id='word_1_132' title='bbox 832 2093 935 2166; x_wconf 89' lang='lat' dir='ltr'>partes</span> <span class='ocrx_word' id='word_1_133' title='bbox 949 2093 1021 2148; x_wconf 91' lang='lat' dir='ltr'>sunt</span> <span class='ocrx_word' id='word_1_134' title='bbox 1034 2100 1126 2164; x_wconf 83' lang='lat' dir='ltr'>saepe</span> <span class='ocrx_word' id='word_1_135' title='bbox 1136 2085 1294 2161; x_wconf 90' lang='lat' dir='ltr'>minimae,</span> <span class='ocrx_word' id='word_1_136' title='bbox 1307 2087 1414 2166; x_wconf 84' lang='lat' dir='ltr'>nequit</span> <span class='ocrx_word' id='word_1_137' title='bbox 1425 2087 1511 2168; x_wconf 81' lang='lat' dir='ltr'>erigi</span> 
     </span>
     <span class='ocr_line' id='line_1_18' title="bbox 415 2182 1511 2263; baseline 0 -16"><span class='ocrx_word' id='word_1_138' title='bbox 415 2183 545 2262; x_wconf 72' lang='lat' dir='ltr'>gradum</span> <span class='ocrx_word' id='word_1_139' title='bbox 559 2183 682 2248; x_wconf 84' lang='lat' dir='ltr'>valoris.</span> <span class='ocrx_word' id='word_1_140' title='bbox 700 2183 769 2247; x_wconf 88' lang='lat' dir='ltr'>Sint</span> <span class='ocrx_word' id='word_1_141' title='bbox 784 2199 813 2247; x_wconf 90' lang='lat' dir='ltr'>v.</span> <span class='ocrx_word' id='word_1_142' title='bbox 827 2199 858 2263; x_wconf 79' lang='lat' dir='ltr'>g.</span> <span class='ocrx_word' id='word_1_143' title='bbox 873 2182 963 2246; x_wconf 89' lang='lat' dir='ltr'>binae</span> <span class='ocrx_word' id='word_1_144' title='bbox 975 2199 1069 2247; x_wconf 88' lang='lat' dir='ltr'>venae</span> <span class='ocrx_word' id='word_1_145' title='bbox 1080 2183 1289 2260; x_wconf 89' lang='lat' dir='ltr'>carbonariae,</span> <span class='ocrx_word' id='word_1_146' title='bbox 1303 2183 1409 2248; x_wconf 88' lang='lat' dir='ltr'>eodem</span> <span class='ocrx_word' id='word_1_147' title='bbox 1423 2200 1511 2248; x_wconf 83' lang='lat' dir='ltr'>erer-</span> 
     </span>
     <span class='ocr_line' id='line_1_19' title="bbox 415 2281 1509 2364; baseline -0.002 -16"><span class='ocrx_word' id='word_1_148' title='bbox 415 2283 529 2348; x_wconf 89' lang='lat' dir='ltr'>ccndae</span> <span class='ocrx_word' id='word_1_149' title='bbox 543 2283 656 2347; x_wconf 89' lang='lat' dir='ltr'>labore.</span> <span class='ocrx_word' id='word_1_150' title='bbox 671 2283 778 2346; x_wconf 90' lang='lat' dir='ltr'>Nonne</span> <span class='ocrx_word' id='word_1_151' title='bbox 793 2281 941 2346; x_wconf 89' lang='lat' dir='ltr'>carbones</span> <span class='ocrx_word' id='word_1_152' title='bbox 956 2282 1191 2362; x_wconf 88' lang='lat' dir='ltr'>praestantiores</span> <span class='ocrx_word' id='word_1_153' title='bbox 1205 2299 1241 2346; x_wconf 86' lang='lat' dir='ltr'>ex</span> <span class='ocrx_word' id='word_1_154' title='bbox 1255 2283 1392 2364; x_wconf 79' lang='lat' dir='ltr'>ingenita</span> <span class='ocrx_word' id='word_1_155' title='bbox 1403 2283 1509 2363; x_wconf 86' lang='lat' dir='ltr'>quali-</span> 
     </span>
     <span class='ocr_line' id='line_1_20' title="bbox 414 2379 1513 2463; baseline -0.001 -17"><span class='ocrx_word' id='word_1_156' title='bbox 414 2389 474 2446; x_wconf 89' lang='lat' dir='ltr'>tate</span> <span class='ocrx_word' id='word_1_157' title='bbox 489 2380 589 2463; x_wconf 94' lang='lat' dir='ltr'>pluris</span> <span class='ocrx_word' id='word_1_158' title='bbox 604 2381 697 2444; x_wconf 81' lang='lat' dir='ltr'>dent?</span> <span class='ocrx_word' id='word_1_159' title='bbox 712 2381 860 2444; x_wconf 82' lang='lat' dir='ltr'>sexcenta</span> <span class='ocrx_word' id='word_1_160' title='bbox 870 2387 973 2444; x_wconf 91' lang='lat' dir='ltr'>autem</span> <span class='ocrx_word' id='word_1_161' title='bbox 988 2388 1059 2443; x_wconf 92' lang='lat' dir='ltr'>sunt</span> <span class='ocrx_word' id='word_1_162' title='bbox 1070 2380 1221 2461; x_wconf 87' lang='lat' dir='ltr'>exempla,</span> <span class='ocrx_word' id='word_1_163' title='bbox 1235 2381 1268 2443; x_wconf 94' lang='lat' dir='ltr'>in</span> <span class='ocrx_word' id='word_1_164' title='bbox 1279 2379 1392 2461; x_wconf 85' lang='lat' dir='ltr'>quibus</span> <span class='ocrx_word' id='word_1_165' title='bbox 1405 2381 1513 2445; x_wconf 89' lang='lat' dir='ltr'>verius</span> 
     </span>
     <span class='ocr_line' id='line_1_21' title="bbox 414 2479 1510 2560; baseline -0.002 -14"><span class='ocrx_word' id='word_1_166' title='bbox 414 2482 565 2547; x_wconf 83' lang='lat' dir='ltr'>diceretur</span> <span class='ocrx_word' id='word_1_167' title='bbox 589 2481 724 2546; x_wconf 88' lang='lat' dir='ltr'>laborem</span> <span class='ocrx_word' id='word_1_168' title='bbox 746 2480 847 2544; x_wconf 87' lang='lat' dir='ltr'>valere</span> <span class='ocrx_word' id='word_1_169' title='bbox 869 2488 993 2560; x_wconf 87' lang='lat' dir='ltr'>propter</span> <span class='ocrx_word' id='word_1_170' title='bbox 1018 2479 1173 2543; x_wconf 84' lang='lat' dir='ltr'>naturales</span> <span class='ocrx_word' id='word_1_171' title='bbox 1197 2480 1361 2560; x_wconf 80' lang='lat' dir='ltr'>qualitates</span> <span class='ocrx_word' id='word_1_172' title='bbox 1385 2481 1431 2544; x_wconf 92' lang='lat' dir='ltr'>rei</span> <span class='ocrx_word' id='word_1_173' title='bbox 1457 2482 1510 2545; x_wconf 91' lang='lat' dir='ltr'>cui</span> 
     </span>
     <span class='ocr_line' id='line_1_22' title="bbox 414 2577 1256 2661; baseline -0.011 -17"><span class='ocrx_word' id='word_1_174' title='bbox 414 2580 529 2644; x_wconf 91' lang='lat' dir='ltr'>inditur</span> <span class='ocrx_word' id='word_1_175' title='bbox 544 2596 636 2661; x_wconf 88' lang='lat' dir='ltr'>quam</span> <span class='ocrx_word' id='word_1_176' title='bbox 651 2580 708 2643; x_wconf 89' lang='lat' dir='ltr'>bas</span> <span class='ocrx_word' id='word_1_177' title='bbox 723 2587 848 2659; x_wconf 91' lang='lat' dir='ltr'>propter</span> <span class='ocrx_word' id='word_1_178' title='bbox 863 2578 998 2642; x_wconf 90' lang='lat' dir='ltr'>laborem</span> <span class='ocrx_word' id='word_1_179' title='bbox 1014 2577 1221 2656; x_wconf 89' lang='lat' dir='ltr'>conjunctum.</span> <span class='ocrx_word' id='word_1_180' title='bbox 1241 2601 1256 2635; x_wconf 71' lang='grc' dir='ltr'><strong>ι</strong></span> 
     </span>
    </p>

    <p class='ocr_par' dir='ltr' id='par_1_7' title="bbox 412 2676 1509 3152">
     <span class='ocr_line' id='line_1_23' title="bbox 454 2676 1505 2760; baseline -0.002 -16"><span class='ocrx_word' id='word_1_181' title='bbox 454 2682 517 2745; x_wconf 89' lang='lat' dir='ltr'>Nec</span> <span class='ocrx_word' id='word_1_182' title='bbox 530 2695 608 2760; x_wconf 91' lang='lat' dir='ltr'>opus</span> <span class='ocrx_word' id='word_1_183' title='bbox 623 2687 669 2742; x_wconf 90' lang='lat' dir='ltr'>est</span> <span class='ocrx_word' id='word_1_184' title='bbox 687 2678 756 2741; x_wconf 91' lang='lat' dir='ltr'>beic</span> <span class='ocrx_word' id='word_1_185' title='bbox 777 2676 963 2758; x_wconf 87' lang='lat' dir='ltr'>principium</span> <span class='ocrx_word' id='word_1_186' title='bbox 979 2693 997 2740; x_wconf 91' lang='lat' dir='ltr'>a</span> <span class='ocrx_word' id='word_1_187' title='bbox 1011 2677 1106 2755; x_wconf 81' lang='lat' dir='ltr'>Carey</span> <span class='ocrx_word' id='word_1_188' title='bbox 1127 2677 1174 2740; x_wconf 89' lang='lat' dir='ltr'>vel</span> <span class='ocrx_word' id='word_1_189' title='bbox 1196 2678 1311 2742; x_wconf 91' lang='lat' dir='ltr'>Bastiat</span> <span class='ocrx_word' id='word_1_190' title='bbox 1333 2679 1505 2756; x_wconf 87' lang='lat' dir='ltr'>inventum,</span> 
     </span>
     <span class='ocr_line' id='line_1_24' title="bbox 413 2775 1509 2858; baseline 0 -17"><span class='ocrx_word' id='word_1_191' title='bbox 413 2793 448 2841; x_wconf 92' lang='lat' dir='ltr'>ac</span> <span class='ocrx_word' id='word_1_192' title='bbox 459 2777 714 2858; x_wconf 85' lang='lat' dir='ltr'>praesertimall.</span> <span class='ocrx_word' id='word_1_193' title='bbox 724 2777 808 2840; x_wconf 81' lang='lat' dir='ltr'>Marx</span> <span class='ocrx_word' id='word_1_194' title='bbox 820 2786 850 2838; x_wconf 91' lang='lat' dir='ltr'>et</span> <span class='ocrx_word' id='word_1_195' title='bbox 861 2775 1027 2840; x_wconf 86' lang='lat' dir='ltr'>socialistis</span> <span class='ocrx_word' id='word_1_196' title='bbox 1038 2775 1211 2855; x_wconf 83' lang='lat' dir='ltr'>expositum</span> <span class='ocrx_word' id='word_1_197' title='bbox 1221 2782 1252 2839; x_wconf 90' lang='lat' dir='ltr'>et</span> <span class='ocrx_word' id='word_1_198' title='bbox 1263 2786 1509 2858; x_wconf 76' lang='lat' dir='ltr'>propugnatum,</span> 
     </span>
     <span class='ocr_line' id='line_1_25' title="bbox 413 2874 1506 2958; baseline -0.001 -18"><span class='ocrx_word' id='word_1_199' title='bbox 413 2875 606 2958; x_wconf 82' lang='lat' dir='ltr'>profundiori</span> <span class='ocrx_word' id='word_1_200' title='bbox 620 2875 752 2939; x_wconf 87' lang='lat' dir='ltr'>examini</span> <span class='ocrx_word' id='word_1_201' title='bbox 765 2875 954 2950; x_wconf 86' lang='lat' dir='ltr'>submittere,</span> <span class='ocrx_word' id='word_1_202' title='bbox 969 2891 1004 2938; x_wconf 91' lang='lat' dir='ltr'>ac</span> <span class='ocrx_word' id='word_1_203' title='bbox 1015 2889 1121 2938; x_wconf 91' lang='lat' dir='ltr'>eorum</span> <span class='ocrx_word' id='word_1_204' title='bbox 1133 2874 1368 2954; x_wconf 75' lang='lat' dir='ltr'>paralogismos,</span> <span class='ocrx_word' id='word_1_205' title='bbox 1382 2884 1506 2940; x_wconf 90' lang='lat' dir='ltr'>contra·</span> 
     </span>
     <span class='ocr_line' id='line_1_26' title="bbox 413 2971 1508 3054; baseline 0.001 -15"><span class='ocrx_word' id='word_1_206' title='bbox 413 2975 562 3040; x_wconf 84' lang='lat' dir='ltr'>dictiones</span> <span class='ocrx_word' id='word_1_207' title='bbox 577 2983 606 3038; x_wconf 86' lang='lat' dir='ltr'>et</span> <span class='ocrx_word' id='word_1_208' title='bbox 620 2973 763 3053; x_wconf 84' lang='lat' dir='ltr'>ineptias,</span> <span class='ocrx_word' id='word_1_209' title='bbox 775 2989 854 3052; x_wconf 89' lang='lat' dir='ltr'>quae</span> <span class='ocrx_word' id='word_1_210' title='bbox 869 2972 1039 3037; x_wconf 91' lang='lat' dir='ltr'>innumeris</span> <span class='ocrx_word' id='word_1_211' title='bbox 1054 2971 1177 3052; x_wconf 92' lang='lat' dir='ltr'>scriptis</span> <span class='ocrx_word' id='word_1_212' title='bbox 1191 2973 1341 3054; x_wconf 87' lang='lat' dir='ltr'>oppositis</span> <span class='ocrx_word' id='word_1_213' title='bbox 1356 2975 1508 3054; x_wconf 78' lang='lat' dir='ltr'>patefacta</span> 
     </span>
     <span class='ocr_line' id='line_1_27' title="bbox 412 3069 1507 3152; baseline 0 -14"><span class='ocrx_word' id='word_1_214' title='bbox 412 3081 483 3139; x_wconf 90' lang='lat' dir='ltr'>sunt</span> <span class='ocrx_word' id='word_1_215' title='bbox 505 3076 550 3152; x_wconf 80' lang='lat' dir='ltr'>(a),</span> <span class='ocrx_word' id='word_1_216' title='bbox 575 3072 614 3136; x_wconf 91' lang='lat' dir='ltr'>ad</span> <span class='ocrx_word' id='word_1_217' title='bbox 636 3072 784 3136; x_wconf 89' lang='lat' dir='ltr'>amussim</span> <span class='ocrx_word' id='word_1_218' title='bbox 806 3070 976 3135; x_wconf 80' lang='lat' dir='ltr'>ostendere.</span> <span class='ocrx_word' id='word_1_219' title='bbox 1001 3069 1115 3146; x_wconf 85' lang='lat' dir='ltr'>Quodsi</span> <span class='ocrx_word' id='word_1_220' title='bbox 1138 3077 1241 3134; x_wconf 90' lang='lat' dir='ltr'>tamen</span> <span class='ocrx_word' id='word_1_221' title='bbox 1262 3071 1344 3135; x_wconf 91' lang='lat' dir='ltr'>idem</span> <span class='ocrx_word' id='word_1_222' title='bbox 1366 3072 1507 3152; x_wconf 90' lang='lat' dir='ltr'>ipsorum</span> 
     </span>
    </p>
   </div>
   <div class='ocr_carea' id='block_1_5' title="bbox 412 3169 1603 3254">
    <p class='ocr_par' dir='ltr' id='par_1_8' title="bbox 412 3169 1603 3254">
     <span class='ocr_line' id='line_1_28' title="bbox 412 3169 1603 3254; baseline 0.002 -20"><span class='ocrx_word' id='word_1_223' title='bbox 412 3172 599 3254; x_wconf 87' lang='lat' dir='ltr'>principium</span> <span class='ocrx_word' id='word_1_224' title='bbox 619 3186 774 3235; x_wconf 88' lang='lat' dir='ltr'>assumere</span> <span class='ocrx_word' id='word_1_225' title='bbox 789 3170 932 3245; x_wconf 85' lang='lat' dir='ltr'>velimus,</span> <span class='ocrx_word' id='word_1_226' title='bbox 954 3178 1116 3250; x_wconf 79' lang='lat' dir='ltr'>arguentes</span> <span class='ocrx_word' id='word_1_227' title='bbox 1136 3169 1176 3233; x_wconf 93' lang='lat' dir='ltr'>ad</span> <span class='ocrx_word' id='word_1_228' title='bbox 1197 3170 1364 3241; x_wconf 89' lang='lat' dir='ltr'>bominem.</span> <span class='ocrx_word' id='word_1_229' title='bbox 1381 3187 1506 3236; x_wconf 89' lang='lat' dir='ltr'>eorum·</span> <span class='ocrx_word' id='word_1_230' title='bbox 1602 3196 1603 3203; x_wconf 46' lang='lat'>¹</span> 
     </span>
    </p>
   </div>
   <div class='ocr_carea' id='block_1_6' title="bbox 413 3267 1508 3449">
    <p class='ocr_par' dir='ltr' id='par_1_9' title="bbox 413 3267 1508 3449">
     <span class='ocr_line' id='line_1_29' title="bbox 413 3267 1505 3350; baseline -0.001 -16"><span class='ocrx_word' id='word_1_231' title='bbox 413 3270 482 3334; x_wconf 90' lang='lat' dir='ltr'>dem</span> <span class='ocrx_word' id='word_1_232' title='bbox 504 3270 694 3334; x_wconf 90' lang='lat' dir='ltr'>conclusioni</span> <span class='ocrx_word' id='word_1_233' title='bbox 710 3284 865 3350; x_wconf 88' lang='lat' dir='ltr'>opponere</span> <span class='ocrx_word' id='word_1_234' title='bbox 885 3284 1046 3349; x_wconf 91' lang='lat' dir='ltr'>possemus</span> <span class='ocrx_word' id='word_1_235' title='bbox 1068 3267 1298 3332; x_wconf 87' lang='lat' dir='ltr'>conclusionem</span> <span class='ocrx_word' id='word_1_236' title='bbox 1318 3269 1505 3333; x_wconf 86' lang='lat' dir='ltr'>contrariam</span> 
     </span>
     <span class='ocr_line' id='line_1_30' title="bbox 413 3366 1508 3449; baseline -0.001 -15"><span class='ocrx_word' id='word_1_237' title='bbox 413 3369 598 3435; x_wconf 89' lang='lat' dir='ltr'>adstructam</span> <span class='ocrx_word' id='word_1_238' title='bbox 608 3370 646 3434; x_wconf 89' lang='lat' dir='ltr'>ab</span> <span class='ocrx_word' id='word_1_239' title='bbox 656 3369 799 3434; x_wconf 90' lang='lat' dir='ltr'>omnibus</span> <span class='ocrx_word' id='word_1_240' title='bbox 809 3369 873 3432; x_wconf 94' lang='lat' dir='ltr'>illis</span> <span class='ocrx_word' id='word_1_241' title='bbox 882 3367 1101 3445; x_wconf 88' lang='lat' dir='ltr'>oeconomistis,</span> <span class='ocrx_word' id='word_1_242' title='bbox 1113 3368 1177 3449; x_wconf 89' lang='lat' dir='ltr'>qui,</span> <span class='ocrx_word' id='word_1_243' title='bbox 1187 3384 1256 3432; x_wconf 92' lang='lat' dir='ltr'>cum</span> <span class='ocrx_word' id='word_1_244' title='bbox 1264 3366 1429 3431; x_wconf 87' lang='lat' dir='ltr'>admittant</span> <span class='ocrx_word' id='word_1_245' title='bbox 1439 3368 1508 3433; x_wconf 90' lang='lat' dir='ltr'>solo</span> 
     </span>
    </p>
   </div>
   <div class='ocr_carea' id='block_1_7' title="bbox 410 3600 1505 3832">
    <p class='ocr_par' dir='ltr' id='par_1_10' title="bbox 410 3600 1505 3832">
     <span class='ocr_line' id='line_1_31' title="bbox 443 3600 1505 3750; baseline -0.002 -12"><span class='ocrx_word' id='word_1_246' title='bbox 443 3601 478 3748; x_wconf 56' lang='lat' dir='ltr'>g}</span> <span class='ocrx_word' id='word_1_247' title='bbox 495 3600 739 3750; x_wconf 47' lang='lat' dir='ltr'>g{.d)1?tecr&#39;scpri‡t2ea5</span> <span class='ocrx_word' id='word_1_248' title='bbox 752 3615 872 3739; x_wconf 51' lang='lat' dir='ltr'>{centia</span> <span class='ocrx_word' id='word_1_249' title='bbox 891 3683 919 3737; x_wconf 94' lang='lat' dir='ltr'>in</span> <span class='ocrx_word' id='word_1_250' title='bbox 938 3681 1013 3738; x_wconf 87' lang='lat' dir='ltr'>hunc</span> <span class='ocrx_word' id='word_1_251' title='bbox 1031 3694 1152 3746; x_wconf 88' lang='lat' dir='ltr'>sensum,</span> <span class='ocrx_word' id='word_1_252' title='bbox 1164 3680 1382 3744; x_wconf 77' lang='lat' dir='ltr'>Bomr-Bawean,</span> <span class='ocrx_word' id='word_1_253' title='bbox 1398 3681 1505 3745; x_wconf 78' lang='lat' dir='ltr'>Capitol</span> 
     </span>
     <span class='ocr_line' id='line_1_32' title="bbox 410 3761 1504 3832; baseline -0.003 -12"><span class='ocrx_word' id='word_1_254' title='bbox 410 3770 465 3820; x_wconf 83' lang='lat' dir='ltr'>ond</span> <span class='ocrx_word' id='word_1_255' title='bbox 479 3767 652 3832; x_wconf 62' lang='lat' dir='ltr'>&amp;mentone</span> <span class='ocrx_word' id='word_1_256' title='bbox 662 3766 682 3830; x_wconf 89' lang='lat'>1,</span> <span class='ocrx_word' id='word_1_257' title='bbox 693 3780 720 3832; x_wconf 91' lang='lat' dir='ltr'>p.</span> <span class='ocrx_word' id='word_1_258' title='bbox 730 3763 851 3830; x_wconf 65' lang='lat' dir='ltr'>lesem,</span> <span class='ocrx_word' id='word_1_259' title='bbox 864 3765 912 3820; x_wconf 91' lang='lat' dir='ltr'>ubi</span> <span class='ocrx_word' id='word_1_260' title='bbox 925 3763 1066 3831; x_wconf 88' lang='lat' dir='ltr'>speciatim</span> <span class='ocrx_word' id='word_1_261' title='bbox 1076 3763 1134 3830; x_wconf 76' lang='lat' dir='ltr'>agit</span> <span class='ocrx_word' id='word_1_262' title='bbox 1144 3763 1180 3820; x_wconf 91' lang='lat' dir='ltr'>de</span> <span class='ocrx_word' id='word_1_263' title='bbox 1191 3762 1384 3818; x_wconf 78' lang='lat' dir='ltr'>«marxlsmo»</span> <span class='ocrx_word' id='word_1_264' title='bbox 1394 3761 1504 3826; x_wconf 78' lang='lat' dir='ltr'>(biblio</span> 
     </span>
    </p>
   </div>
   <div class='ocr_carea' id='block_1_8' title="bbox 411 3843 1602 3915">
    <p class='ocr_par' dir='ltr' id='par_1_11' title="bbox 411 3843 1602 3915">
     <span class='ocr_line' id='line_1_33' title="bbox 411 3843 1602 3915; baseline -0.007 -11"><span class='ocrx_word' id='word_1_265' title='bbox 411 3848 553 3915; x_wconf 75' lang='lat' dir='ltr'>graphium</span> <span class='ocrx_word' id='word_1_266' title='bbox 570 3847 702 3912; x_wconf 89' lang='lat' dir='ltr'>invenies,</span> <span class='ocrx_word' id='word_1_267' title='bbox 722 3861 750 3914; x_wconf 90' lang='lat' dir='ltr'>p.</span> <span class='ocrx_word' id='word_1_268' title='bbox 763 3846 814 3903; x_wconf 85' lang='lat' dir='ltr'>l95</span> <span class='ocrx_word' id='word_1_269' title='bbox 825 3849 870 3911; x_wconf 85' lang='lat' dir='ltr'>s.l;</span> <span class='ocrx_word' id='word_1_270' title='bbox 882 3848 939 3910; x_wconf 84' lang='lat' dir='ltr'>Id..</span> <span class='ocrx_word' id='word_1_271' title='bbox 951 3861 978 3902; x_wconf 86' lang='lat' dir='ltr'>v.</span> <span class='ocrx_word' id='word_1_272' title='bbox 997 3847 1075 3900; x_wconf 87' lang='lat' dir='ltr'>Wert</span> <span class='ocrx_word' id='word_1_273' title='bbox 1086 3846 1117 3902; x_wconf 90' lang='lat' dir='ltr'>ln</span> <span class='ocrx_word' id='word_1_274' title='bbox 1126 3843 1420 3909; x_wconf 82' lang='lat' dir='ltr'>Hondwdrlerboeb...‚</span> <span class='ocrx_word' id='word_1_275' title='bbox 1434 3845 1454 3900; x_wconf 86' lang='lat' dir='ltr'>t.</span> <span class='ocrx_word' id='word_1_276' title='bbox 1466 3859 1506 3909; x_wconf 90' lang='lat' dir='ltr'>c.,-</span> <span class='ocrx_word' id='word_1_277' title='bbox 1601 3892 1602 3907; x_wconf 69' lang='lat'>,</span> 
     </span>
    </p>
   </div>
   <div class='ocr_carea' id='block_1_9' title="bbox 410 3929 1504 4080">
    <p class='ocr_par' dir='ltr' id='par_1_12' title="bbox 410 3929 1504 4080">
     <span class='ocr_line' id='line_1_34' title="bbox 410 3929 1504 3997; baseline -0.008 -8"><span class='ocrx_word' id='word_1_278' title='bbox 410 3933 440 3988; x_wconf 77' lang='lat' dir='ltr'>ll.</span> <span class='ocrx_word' id='word_1_279' title='bbox 453 3933 569 3996; x_wconf 78' lang='lat' dir='ltr'>scmus,</span> <span class='ocrx_word' id='word_1_280' title='bbox 589 3932 641 3985; x_wconf 73' lang='lat' dir='ltr'>nte</span> <span class='ocrx_word' id='word_1_281' title='bbox 658 3929 892 3997; x_wconf 78' lang='lat' dir='ltr'>Elpentuatslebre</span> <span class='ocrx_word' id='word_1_282' title='bbox 909 3930 979 3984; x_wconf 80' lang='lat' dir='ltr'>noch</span> <span class='ocrx_word' id='word_1_283' title='bbox 1001 3930 1117 3983; x_wconf 77' lang='lat' dir='ltr'>Thomna</span> <span class='ocrx_word' id='word_1_284' title='bbox 1134 3943 1185 3982; x_wconf 82' lang='lat' dir='ltr'>oon</span> <span class='ocrx_word' id='word_1_285' title='bbox 1201 3929 1293 3993; x_wconf 77' lang='lat' dir='ltr'>Apulo</span> <span class='ocrx_word' id='word_1_286' title='bbox 1309 3929 1436 3980; x_wconf 69' lang='lat' dir='ltr'>uadum</span> <span class='ocrx_word' id='word_1_287' title='bbox 1447 3941 1504 3981; x_wconf 88' lang='lat' dir='ltr'>mo·</span> 
     </span>
     <span class='ocr_line' id='line_1_35' title="bbox 411 4010 1502 4080; baseline -0.002 -11"><span class='ocrx_word' id='word_1_288' title='bbox 411 4018 513 4069; x_wconf 72' lang='lat' dir='ltr'>omnen</span> <span class='ocrx_word' id='word_1_289' title='bbox 530 4016 710 4080; x_wconf 62' lang='lat' dir='ltr'>montumano,</span> <span class='ocrx_word' id='word_1_290' title='bbox 725 4029 751 4080; x_wconf 93' lang='lat' dir='ltr'>p.</span> <span class='ocrx_word' id='word_1_291' title='bbox 766 4012 875 4070; x_wconf 71' lang='lat' dir='ltr'>tlelrr</span> <span class='ocrx_word' id='word_1_292' title='bbox 893 4013 1052 4080; x_wconf 80' lang='lat' dir='ltr'>(exponitur</span> <span class='ocrx_word' id='word_1_293' title='bbox 1069 4014 1175 4069; x_wconf 89' lang='lat' dir='ltr'>tbeoria</span> <span class='ocrx_word' id='word_1_294' title='bbox 1193 4010 1376 4077; x_wconf 76' lang='lat' dir='ltr'>sodalistiea),</span> <span class='ocrx_word' id='word_1_295' title='bbox 1393 4026 1422 4077; x_wconf 92' lang='lat' dir='ltr'>p.</span> <span class='ocrx_word' id='word_1_296' title='bbox 1440 4010 1502 4079; x_wconf 73' lang='lat' dir='ltr'>ild</span> 
     </span>
    </p>
   </div>
   <div class='ocr_carea' id='block_1_10' title="bbox 411 4095 1501 4246">
    <p class='ocr_par' dir='ltr' id='par_1_13' title="bbox 411 4095 1501 4246">
     <span class='ocr_line' id='line_1_36' title="bbox 411 4095 1501 4164; baseline -0.005 -11"><span class='ocrx_word' id='word_1_297' title='bbox 411 4097 460 4153; x_wconf 76' lang='lat' dir='ltr'>bib</span> <span class='ocrx_word' id='word_1_298' title='bbox 479 4097 646 4164; x_wconf 83' lang='lat' dir='ltr'>(refellitur);</span> <span class='ocrx_word' id='word_1_299' title='bbox 668 4099 697 4153; x_wconf 87' lang='lat' dir='ltr'>P.</span> <span class='ocrx_word' id='word_1_300' title='bbox 718 4099 848 4162; x_wconf 78' lang='lat' dir='ltr'>amomo,</span> <span class='ocrx_word' id='word_1_301' title='bbox 870 4111 912 4163; x_wconf 80' lang='lat' dir='ltr'>op.</span> <span class='ocrx_word' id='word_1_302' title='bbox 933 4111 969 4162; x_wconf 80' lang='lat' dir='ltr'>e..</span> <span class='ocrx_word' id='word_1_303' title='bbox 990 4112 1016 4164; x_wconf 90' lang='lat' dir='ltr'>p.</span> <span class='ocrx_word' id='word_1_304' title='bbox 1038 4095 1159 4162; x_wconf 52' lang='lat' dir='ltr'>eldad&amp;</span> <span class='ocrx_word' id='word_1_305' title='bbox 1182 4096 1213 4152; x_wconf 86' lang='lat' dir='ltr'>li.</span> <span class='ocrx_word' id='word_1_306' title='bbox 1234 4096 1378 4156; x_wconf 79' lang='lat' dir='ltr'>Savurma.</span> <span class='ocrx_word' id='word_1_307' title='bbox 1401 4109 1443 4159; x_wconf 82' lang='lat' dir='ltr'>op.</span> <span class='ocrx_word' id='word_1_308' title='bbox 1464 4109 1501 4160; x_wconf 90' lang='lat' dir='ltr'>c.,</span> 
     </span>
     <span class='ocr_line' id='line_1_37' title="bbox 412 4175 1406 4246; baseline -0.002 -10"><span class='ocrx_word' id='word_1_309' title='bbox 412 4193 439 4245; x_wconf 91' lang='lat' dir='ltr'>p.</span> <span class='ocrx_word' id='word_1_310' title='bbox 451 4178 554 4243; x_wconf 74' lang='lat' dir='ltr'>dolor,</span> <span class='ocrx_word' id='word_1_311' title='bbox 567 4178 616 4234; x_wconf 75' lang='lat' dir='ltr'>tte</span> <span class='ocrx_word' id='word_1_312' title='bbox 628 4193 676 4246; x_wconf 86' lang='lat' dir='ltr'>ss.;</span> <span class='ocrx_word' id='word_1_313' title='bbox 689 4180 719 4236; x_wconf 86' lang='grc' dir='ltr'>Ε.</span> <span class='ocrx_word' id='word_1_314' title='bbox 731 4181 769 4236; x_wconf 86' lang='lat' dir='ltr'>bn</span> <span class='ocrx_word' id='word_1_315' title='bbox 781 4180 881 4245; x_wconf 84' lang='lat' dir='ltr'>Garsn,</span> <span class='ocrx_word' id='word_1_316' title='bbox 896 4181 937 4233; x_wconf 87' lang='lat' dir='ltr'>De</span> <span class='ocrx_word' id='word_1_317' title='bbox 948 4184 1086 4234; x_wconf 82' lang='lat' dir='ltr'>contractu</span> <span class='ocrx_word' id='word_1_318' title='bbox 1096 4179 1285 4243; x_wconf 74' lang='lat' dir='ltr'>conductionis,</span> <span class='ocrx_word' id='word_1_319' title='bbox 1299 4191 1325 4243; x_wconf 92' lang='lat' dir='ltr'>p.</span> <span class='ocrx_word' id='word_1_320' title='bbox 1337 4175 1406 4234; x_wconf 64' lang='lat'>413.</span> 
     </span>
    </p>
   </div>
   <div class='ocr_carea' id='block_1_11' title="bbox 0 0 1626 4959">
    <p class='ocr_par' dir='ltr' id='par_1_14' title="bbox 0 0 1626 4959">
     <span class='ocr_line' id='line_1_38' title="bbox 0 0 1626 4959; baseline 0 2"><span class='ocrx_word' id='word_1_321' title='bbox 0 0 1626 4959; x_wconf 95' lang='lat' dir='ltr'> </span> 
     </span>
    </p>
   </div>
  </div>
 </body>
</html>
