3242 4959
454 467 518 513 can.
543 468 562 511 1.
587 465 720 512 nrsroam
742 464 937 519 quaesrronrs.
1197 446 1245 511 ab

147 628 187 692 de
207 644 316 692 census
336 628 551 707 societatisque
572 627 777 691 contractibus
798 634 946 706 quantum
968 627 1077 691 licebat
1098 627 1238 708 applica·

147 726 235 801 bant,
251 726 441 805 perantiquis
455 734 557 789 tamen
572 724 609 788 de
630 742 723 788 usura
744 725 905 805 principiis
926 725 1062 789 nondum
1084 726 1240 789 audebant

150 824 318 888 valedicere
335 842 342 887 :
360 825 401 887 ita
417 824 525 888 saltem
540 823 704 887 dicendum
720 823 838 887 videtur
853 824 953 903 quoad
967 824 1111 887 scientiae
1122 824 1237 889 theolo-

149 926 235 1005 gicae
250 925 320 1005 plus
334 925 474 987 minusve
489 925 613 1004 peritos,
631 940 700 987 eum
716 924 857 987 nonnulli
877 924 956 987 inter
970 924 1106 1001 juristae,
1124 925 1242 1004 quibus.

149 1022 295 1102 splendor
314 1022 542 1085 calvinistarum
559 1021 803 1100 legisperitorum
826 1021 941 1084 saeculi
963 1022 1045 1085 llvll
1067 1021 1170 1085 lucum
1192 1021 1235 1085 i·

149 1121 259 1195 ciebat,
276 1120 385 1198 ajuris
400 1121 518 1183 romani
538 1129 567 1185 et
582 1120 708 1199 proinde
730 1120 868 1183 canonici
891 1119 1027 1183 doctrina
1050 1120 1234 1195 recedenter,

148 1238 212 1284 non
221 1222 284 1298 jam
296 1222 488 1301 gratuitatem
501 1221 597 1283 mutui
611 1237 671 1299 qna
682 1220 753 1283 talis
767 1220 1058 1294 admitterent.Quae
1068 1222 1242 1297 tendentia,

150 1319 236 1396 cuius
246 1318 336 1382 etiam
349 1320 380 1381 in
392 1319 542 1398 theologis
553 1318 700 1382 indicium
713 1318 867 1398 quoddam
882 1318 972 1381 nobis
983 1319 1106 1381 obvium
1118 1319 1177 1382 iuit
1188 1320 1238 1396 (ι),

31 1416 34 1418 ’
149 1418 251 1497 plene,
266 1418 298 1479 in
310 1418 546 1481 controversiam
557 1418 775 1481 catholicorum
791 1417 924 1480 secunda
935 1418 992 1480 bac
1002 1417 1127 1497 periodo
1139 1418 1236 1481 intro·

151 1516 282 1592 ducitur,
308 1517 350 1579 ita
372 1518 477 1596 utqui
500 1524 571 1579 tunc
593 1517 713 1580 lucrum
734 1516 864 1595 pecunia
883 1516 1020 1595 genitum
1041 1533 1100 1595 qua
1120 1516 1241 1595 justum

150 1615 357 1691 defenderent,
379 1616 458 1679 inter
479 1616 708 1679 calvinistarum
730 1624 760 1678 et
781 1615 998 1679 catholicorum
1021 1616 1153 1679 theorias
1174 1633 1240 1681 non

148 1716 212 1793 J'am
232 1714 463 1794 distinguentes,
481 1714 514 1777 in
532 1714 655 1777 unicam
677 1713 911 1793 explicationem
933 1714 1151 1793 conjungerent
1170 1723 1239 1778 tum·

150 1812 304 1876 doctrinas
318 1812 424 1875 multis
438 1813 590 1891 theologis
603 1812 746 1892 probatas
762 1812 799 1875 de
817 1812 960 1875 censibus
979 1822 1009 1875 et
1026 1811 1063 1875 de
1080 1812 1234 1884 societate,

150 1919 214 1974 tum
236 1912 328 1974 etiam
343 1911 475 1974 theorias
490 1912 647 1991 bucusque
667 1910 826 1975 catholicis
841 1911 1043 1974 communiter
1057 1910 1183 1990 reiectas
1198 1912 1242 1975 de

150 2018 258 2074 natura
273 2011 370 2073 mutui
386 2028 525 2073 onerose.

192 2109 339 2187 Princeps
353 2118 465 2182 autem,
483 2109 539 2172 sub
559 2115 696 2188 respectu
717 2107 890 2178 doctrinali,
907 2107 1022 2172 lactum
1042 2108 1241 2171 constituitur

151 2207 395 2288 promulgatione
416 2208 594 2287 Encyclicae
616 2207 770 2270 Benedicti
792 2208 860 2269 XIV
881 2207 941 2269 Via
951 2208 1092 2288 peruenit
1107 2206 1233 2283 dubl:

150 2306 300 2385 nobisque
311 2305 378 2368 heic
390 2322 501 2369 munus
513 2305 693 2385 primarium
705 2306 854 2369 incumbit
865 2305 1036 2385 exponendi
1048 2313 1113 2368 tum
1123 2305 1238 2384 quibus

151 2404 303 2482 adjunctis
332 2403 372 2466 sit
402 2413 580 2484 praeparata
612 2404 784 2483 quibusque
813 2403 960 2467 doctrinis
991 2404 1141 2484 opposita,
1172 2411 1240 2465 tum

151 2518 309 2583 quousque
324 2502 462 2580 sequenti
478 2500 675 2581 disputationi
692 2500 861 2564 fomentum
876 2500 1059 2580 praebuerit.

413 2767 451 2817 A.
471 2764 700 2817 controversia
716 2763 749 2813 in
766 2762 973 2815 Neerlandia.

193 2965 299 3039 Porro,
315 2962 474 3042 Encyclica
488 2963 562 3025 baec
577 2960 722 3023 indirecte
737 2958 943 3022 connectenda
958 2966 1004 3020 est
1017 2974 1088 3021 cnm
1105 2960 1189 3038 praxi
1206 2968 1241 3022 et.

151 3061 299 3137 doctrina,
324 3077 416 3140 quarn
441 3060 478 3124 de
496 3059 638 3123 censibus
658 3057 812 3136 utrimque
835 3055 1061 3120 redimibilibus
1083 3056 1114 3118 in
1130 3057 1241 3137 Belgio

152 3158 335 3237 Bataviaque
360 3158 472 3221 abhinc
494 3158 553 3220 150
580 3154 784 3219 anterioribus
805 3155 895 3217 annis
915 3154 1016 3234 vigere
1039 3153 1242 3235 deprehendi-

151 3275 231 3321 mus.
260 3258 404 3331 Quamvis
429 3258 512 3321 enirn
536 3271 614 3319 anuo
638 3255 718 3318 1658
742 3256 791 3333 ius
813 3253 1022 3318 bollandicum
1042 3254 1124 3317 hunc
1145 3269 1240 3316 usum

151 3357 351 3438 probavisset,
375 3356 514 3436 quamvis
535 3353 643 3417 exinde
669 3353 859 3417 celeberrimi
883 3353 1023 3415 Bataviae
1045 3352 1236 3433 legisperitae

152 3454 303 3519 Salmasio
332 3468 513 3517 consensum
543 3452 770 3532 praebuissem,
801 3450 1020 3526 nibilominus,
1052 3451 1091 3514 ob
1126 3466 1241 3513 usurae

151 3554 292 3617 innatum
321 3568 374 3633 per
404 3559 448 3615 tot
476 3552 598 3614 saecula
626 3551 801 3624 horrorem,
833 3549 1035 3613 conscientiae
1071 3549 1236 3612 manebant

153 3654 330 3729 anxietates,
348 3660 376 3716 et
392 3651 613 3732 disputationes
628 3650 660 3712 in
676 3649 781 3730 Belgio
800 3648 979 3729 praesertim
1001 3647 1149 3711 catholico
1171 3662 1238 3727 per·

154 3752 274 3833 gabant.
299 3752 403 3831 ltaque
424 3750 538 3813 iactum
560 3756 605 3812 est
624 3757 669 3823 ut,
685 3747 766 3811 circa
786 3762 901 3809 annum
922 3747 1014 3823 1730,
1031 3744 1236 3809 controversia

154 3851 268 3915 ibidem
293 3850 427 3914 maximo
453 3864 520 3913 cum
544 3846 659 3911 fervore
681 3862 787 3909 rursus
807 3845 1020 3909 inardesceret.
1037 3845 1112 3907 Cum
1134 3850 1239 3906 autem

186 4114 221 4177 (ll
236 4081 281 4171 di.¹
296 4128 389 4180 supra,
410 4116 528 4180 systema
548 4127 563 4168 a
582 4114 618 4168 Le
638 4112 756 4169 Correur
775 4113 977 4179 propugnatum
996 4109 1087 4177 quoad
1107 4111 1240 4167 mutuum

155 4200 341 4258 producturae.
