3242 4959
353 466 418 512 CAP.
436 466 468 510 ll.
493 465 637 511 obluctata
652 465 799 511 sclnrtrtan
814 465 1012 512 scoxtsrlcnrt.
1061 445 1063 452 ,
1161 447 1221 512 183

133 628 280 693 Provenit
310 639 411 692 autent
442 631 517 693 baec
548 629 719 693 aestimatio
740 646 777 692 ex
798 639 928 708 quatuor
949 629 1051 692 causis
1078 645 1086 691 :
1108 629 1219 710 primo,

133 729 253 792 ratione
267 728 373 808 copiae
391 739 421 792 et
436 728 558 824 inopiae
572 730 771 809 pecuniae...;
789 727 933 803 secundo,
959 717 1075 791 ratione
1097 728 1223 806 majoris

132 827 182 890 vel
209 828 338 891 minoris
359 827 566 891 multitudinis
587 828 754 907 petentium
775 828 814 890 ad
835 827 1041 903 cambium...;
1060 827 1158 901 tertio,
1185 844 1222 890 ex

132 925 330 989 multitudine
350 927 397 989 vel
420 927 570 1006 paucitate
592 926 729 988 dantium
753 926 791 989 ad
817 927 1024 1002 cambium...;
1049 933 1167 1005 quarto,
1185 941 1222 987 ex

133 1025 314 1088 necessitate
339 1026 523 1104 pecuniae...
541 1048 554 1081 »
571 1027 604 1101 tt)
625 1024 712 1088 llnde
736 1024 918 1104 applicando
943 1024 1097 1087 concludit
1121 1041 1128 1086 :
1149 1047 1162 1080 ι(
1180 1023 1222 1086 ita

132 1123 281 1202 pecuniae
296 1131 471 1202 praesentes
485 1123 524 1185 ob
539 1123 630 1186 hasce
645 1130 774 1202 quatuor
793 1139 901 1185 causas
916 1121 1014 1202 pluris
1030 1122 1140 1192 valent.
1157 1130 1222 1184 tum

133 1222 173 1286 ad
194 1238 321 1293 merces,
346 1230 410 1284 tum
431 1221 469 1284 ad
495 1222 640 1301 pecunias
664 1222 805 1285 absentes
830 1221 1062 1301 comparandas,
1080 1237 1171 1299 ouant
1195 1222 1221 1283 si

132 1319 211 1382 istae
226 1335 336 1383 causae
350 1319 505 1393 abessent;
524 1336 594 1382 narn
609 1321 756 1400 pecuniae
777 1320 918 1383 absentes
939 1337 970 1382 se
992 1319 1104 1382 babent
1127 1320 1224 1381 instar

133 1419 247 1481 merois
261 1429 399 1498 respectu
415 1420 632 1499 praesentium,
649 1428 682 1482 nt
697 1428 775 1482 recte
789 1419 876 1488 docet
891 1419 1090 1496 Caietamrs...
1108 1420 1222 1481 Navar-

133 1535 227 1582 rus...
244 1518 426 1582 silvester...
444 1530 473 1581 et
488 1519 539 1581 alii
558 1537 566 1582 ε
583 1537 645 1581 non
660 1519 741 1580 euim
756 1518 868 1581 babent
878 1519 1016 1600 pretium
1039 1518 1219 1598 leobinum,

132 1619 198 1681 nisi
214 1626 350 1699 respectu
371 1627 564 1682 monetarum
587 1618 721 1699 ejusdem
746 1619 842 1681 loci...
861 1636 953 1698 qnare
975 1628 1113 1698 respectu
1132 1635 1223 1698 pecu-

133 1718 256 1780 niarum
282 1718 471 1786 dissitarum.
499 1718 682 1797 relinquitur
706 1719 838 1797 pretium
864 1718 1083 1797 imponendum
1107 1717 1223 1795 jndicio

132 1825 338 1880 mercatorum
353 1827 382 1880 et
397 1833 501 1880 corum
517 1818 568 1896 qui
585 1818 630 1880 sic
644 1819 875 1895 negotiantur...
893 1819 994 1897 itaque
1016 1825 1144 1897 possunt
1162 1817 1222 1879 emi

135 1925 164 1978 et
180 1915 269 1978 vendi
287 1917 364 1979 sicut
383 1916 460 1978 aliae
481 1932 597 1979 merces
618 1917 785 1979 secundum
806 1918 885 1980 banc
908 1919 1057 1996 triplicem
1080 1917 1222 1980 aestima·

134 2016 263 2088 tionem,
278 2031 367 2094 qnam
380 2015 468 2094 periti
486 2015 570 2076 illius
585 2016 800 2094 negotiationis
815 2016 894 2079 bona
909 2016 965 2078 dde
978 2017 1162 2094 imponunt»
1175 2018 1221 2092 (a).

135 2115 219 2176 llaec
234 2115 463 2177 transcribenda
479 2115 632 2186 duximus
651 2132 720 2177 oum
735 2116 777 2177 ita
800 2116 959 2195 perspicua
980 2114 1116 2177 claritate
1138 2115 1223 2193 prin·

134 2213 218 2292 eipia
233 2214 393 2276 scolastica
407 2213 444 2275 de
460 2214 590 2292 pecunia
604 2222 826 2292 componantur
840 2224 869 2276 et
884 2213 990 2276 usibus
1010 2212 1095 2275 illius
1115 2213 1223 2274 aetatis

135 2311 339 2391 applicentur.
354 2313 429 2375 Cum
444 2322 545 2374 autern
562 2312 650 2374 Card.
665 2312 702 2375 de
716 2315 799 2392 Lngo
816 2316 850 2388 (a)
866 2311 965 2391 quoad
981 2310 1222 2374 fundamentalia

135 2409 244 2472 eodem
259 2426 295 2472 ac
310 2410 432 2472 lessius
448 2409 538 2472 modo
554 2425 617 2472 rem
639 2420 780 2489 exponat,
797 2410 933 2488 ejusdem
958 2409 995 2472 de
1016 2409 1074 2471 bac
1098 2423 1130 2470 re
1152 2423 1222 2470 sen·
1303 2465 1306 2470 .

136 2507 231 2570 tentia
246 2509 444 2586 praetermitti
464 2517 572 2588 potest.

177 2608 319 2670 Patet-
335 2606 414 2686 quod
431 2623 484 2686 per
500 2619 695 2669 transennam
711 2615 831 2670 notetur
845 2643 884 2651 —
900 2607 1020 2670 titulum
1042 2605 1220 2690 industriae„

135 2723 164 2767 r.
194 2723 225 2785 g.
249 2705 429 2768 numerandi
456 2706 500 2768 rel
529 2705 729 2768 transferendi
760 2707 931 2784 pecuniam,
960 2722 1014 2786 per
1039 2721 1071 2767 se
1096 2704 1224 2769 existere

135 2804 353 2878 universalem,
370 2804 448 2866 alios
463 2820 545 2872 vero.
563 2820 671 2882 nempe
686 2803 798 2866 valoris
813 2804 973 2866 extrinseci
990 2803 1035 2866 vel
1051 2802 1219 2877 intrinseci,

136 2917 203 2963 esse
220 2917 274 2980 per
289 2901 428 2964 accidens
443 2912 473 2963 et
487 2917 541 2980 pro
561 2901 711 2978 adjnnctis
734 2902 942 2981 particulares.
961 2901 1047 2964 Unde
1068 2901 1222 2963 cambium

137 2998 246 3074 locale,
260 3001 292 3062 id
308 3012 352 3062 est
367 3001 549 3080 permutatio
565 3001 784 3062 numismatum
800 3000 929 3062 diversis
945 3000 977 3061 in
997 2999 1072 3063 locis
1087 3006 1222 3086 recepto-

137 3115 217 3173 rum,
232 3099 270 3162 ad
285 3101 373 3178 qnasi
389 3099 795 3188 emptionem-venditionem
806 3098 930 3162 reducta
943 3109 998 3174 est,
1014 3115 1083 3162 oum
1095 3098 1225 3178 pecunia

137 3197 266 3271 distans,
291 3215 350 3278 qua
369 3215 453 3261 merx
475 3198 590 3271 babila,
608 3214 677 3260 cunr
693 3199 845 3277 praesenti
866 3199 1005 3278 pecnnia,
1028 3214 1087 3277 qna
1113 3198 1222 3278 pretio,

137 3301 395 3374 commuteturttt.

169 3557 204 3617 (l)
220 3555 259 3611 Cl.
272 3557 318 3615 ib..
332 3570 359 3610 n.
373 3556 415 3611 35.

169 3639 204 3701 (2)
220 3637 259 3692 Gi.
271 3640 317 3701 ib„
331 3653 359 3692 n.
373 3638 415 3693 37.

168 3721 205 3784 (3)
221 3720 259 3776 Gi.
273 3721 335 3788 ojus
345 3721 469 3777 doctrina
482 3737 524 3786 oo.
537 3737 570 3785 c..
585 3722 656 3788 disp.
670 3722 780 3784 xxvdr,
793 3725 860 3776 seot.
874 3721 949 3776 ll·lV.

170 3806 206 3868 (4)
223 3807 293 3860 liaeo
312 3806 446 3872 quaestio,
468 3810 500 3861 ut
523 3819 572 3872 per
593 3819 624 3860 se
640 3808 727 3871 patet,
746 3807 893 3860 maximam
914 3804 1030 3859 babebat
1046 3818 1109 3859 oum
1126 3807 1227 3859 mutuo

137 3887 303 3943 affinitatem.
316 3888 423 3943 Etenim
441 3887 540 3942 modus
558 3902 640 3950 unus,
653 3901 710 3954 ouo
725 3887 863 3942 cambium
880 3887 1011 3952 agebatur
1023 3886 1117 3949 locale,
1132 3887 1160 3940 in
1172 3886 1227 3941 boo

138 3969 304 4025 consistebat
322 3969 396 4035 onod
415 3983 542 4036 eampsor
554 3970 615 4024 beio
625 3973 653 4024 et
665 3983 739 4024 nuno
751 3969 894 4034 pecuniam
912 3968 1059 4033 tribuebat,
1072 3983 1154 4035 quarn
1167 3974 1227 4034 post

139 4056 240 4118 ternmrs
258 4055 468 4123 determinatum
486 4051 550 4106 alibi
570 4053 712 4117 reciperet,
725 4051 877 4122 etquidem
895 4065 948 4117 oua
966 4063 1084 4106 mercem
1102 4050 1228 4107 consido-

139 4138 231 4199 ratam,
246 4136 282 4190 ita
294 4141 326 4191 ut
337 4149 463 4201 campsor
482 4135 509 4188 in
527 4134 575 4189 lnli
594 4135 790 4190 numismatum
802 4135 1003 4200 permutatione
1014 4147 1063 4190 seu
1075 4135 1224 4201 emptione

138 4215 295 4271 venditione
323 4229 372 4282 per
400 4229 430 4272 se
458 4216 567 4272 luorum
588 4215 885 4282 recompensandum
913 4215 1015 4272 solutio
1042 4215 1109 4272 baec
1134 4215 1225 4284 quoad
