3242 4959
421 490 482 554 llll
531 573 535 581 Ι
795 509 1140 556 manumisissent.

462 673 526 736 lloc
541 672 636 754 igitur
646 681 771 752 aspectu
786 673 904 748 relicto,
917 673 1092 737 essentialis
1104 690 1196 753 quem
1207 675 1367 755 posuimus
1379 683 1519 738 caracter

421 771 561 852 capitalis
576 780 658 851 patet
682 772 728 834 vel
756 788 792 834 ex
818 772 991 835 evolutione
1013 773 1192 849 scientifica,
1211 774 1259 837 cui
1275 774 1358 837 notio
1377 775 1453 837 haec
1472 775 1514 836 sit

420 870 567 949 subjecta.
582 869 697 943 Quodsi
712 870 801 949 periti
816 871 889 934 lruic
904 869 1021 934 notioni
1034 870 1105 933 dein
1116 871 1177 934 alia
1188 873 1234 935 vel
1247 873 1308 935 alia
1323 881 1510 953 supponant,
1604 947 1605 962 χ

419 968 478 1031 hoc
503 967 604 1047 potius
630 984 666 1030 ex
692 983 726 1030 co
753 968 849 1031 oritur
871 967 952 1048 quod
973 969 1043 1031 novi
1066 969 1179 1032 valoris
1202 969 1431 1049 productionem
1457 987 1512 1034 seu

420 1065 608 1141 electarium,
633 1066 717 1144 iuxta
743 1082 836 1145 supra
861 1067 997 1147 exposita
1020 1069 1066 1144 (t),
1090 1067 1128 1130 ob
1153 1067 1295 1130 omnibus
1316 1073 1351 1129 et
1372 1067 1410 1131 de
1429 1069 1517 1147 [octo

420 1164 553 1225 existens
578 1163 757 1239 admissum,
786 1164 840 1227 alii
866 1165 911 1226 vel
939 1165 993 1228 alii
1019 1165 1169 1229 elemento
1190 1166 1418 1230 attribuendum
1443 1182 1511 1230 csse

409 1270 578 1325 'autument
593 1266 638 1340 (a).

461 1363 601 1426 Evolutio
616 1371 717 1426 antem
733 1361 867 1425 notionis
882 1364 956 1426 haec
970 1371 1017 1425 est
1032 1363 1078 1440 (3).

464 1463 493 1525 10
507 1463 575 1525 lam
590 1462 763 1526 notavimus
782 1461 942 1525 Calvinum
966 1477 1132 1540 omnesque
1153 1461 1251 1542 ipsius
1272 1462 1304 1524 in
1325 1462 1383 1524 hac
1404 1477 1511 1541 quaes-

420 1561 501 1624 tione
517 1577 662 1641 sequaces
677 1561 832 1634 statuisse,
845 1559 1008 1641 pecuniam
1024 1558 1169 1623 creditam
1186 1559 1357 1640 legitimum
1371 1560 1512 1639 proprie·
1606 1633 1607 1638 .

420 1661 498 1724 tario
523 1660 693 1723 auctarium
718 1659 808 1733 ferre,
836 1675 897 1722 non
922 1659 990 1722 ideo
1016 1661 1104 1739 quasi
1134 1661 1201 1741 ipsa
1224 1659 1353 1739 pecunia
1379 1667 1508 1740 pareret,

419 1776 524 1823 verum
540 1760 608 1823 ideo
624 1760 707 1839 quia,
725 1759 875 1822 credendo
891 1758 1064 1839 pecuniam.
1086 1760 1176 1823 simul
1200 1759 1353 1835 tribuitur,
1371 1775 1510 1824 commu·

419 1859 586 1923 lotionibus
600 1859 761 1933 faciendis,
779 1859 909 1923 facultas
923 1859 1041 1924 fructus
1055 1877 1093 1923 ee
1104 1860 1191 1923 bonis
1205 1860 1366 1939 [rupiserls
1381 1860 1508 1940 quibus·

418 1957 465 2020 vis
487 1958 674 2038 percipiendi
699 1975 707 2021 ε
731 1957 812 2021 unde
833 1975 907 2021 usus
928 1960 1076 2039 pecuniae
1101 1968 1147 2022 est
1172 1959 1270 2039 pretio
1295 1958 1504 2022 aestimabilis.
1607 1969 1608 1990 ¹

419 2056 505 2130 Quod
520 2057 707 2138 principium
722 2073 777 2137 per
802 2066 895 2121 totam
921 2059 1159 2122 controversiam
1181 2057 1340 2122 decurrere
1361 2057 1504 2121 vidimus.

419 2156 495 2219 Cum
520 2155 624 2236 igitur,
652 2163 779 2218 exeunte
808 2155 931 2219 saeculo
956 2157 1065 2232 XVlll,
1094 2155 1295 2220 fundamenta
1325 2164 1511 2236 ponerentur

418 2254 581 2317 modernae
596 2255 740 2318 scientiae
752 2253 968 2328 oeconomicus,
983 2253 1170 2334 principium
1182 2255 1240 2317 hoc
1256 2254 1466 2317 oeeonomistis
1480 2260 1513 2316 et.
1608 2323 1609 2332 χ

418 2370 489 2416 mox
502 2353 622 2433 juristis
636 2353 803 2417 omnibus
795 2362 838 2414 rta
853 2352 977 2416 evidens
992 2353 1144 2434 apparuit,
1163 2361 1196 2416 ut
1209 2353 1273 2432 jam
1289 2361 1371 2415 extra
1387 2361 1506 2416 contro·

418 2452 548 2516 versiam
564 2453 742 2516 consisteret
757 2451 918 2531 pecuniam
942 2450 1038 2514 ideol
1039 2467 1127 2514 oenus
1144 2450 1233 2526 ferre,
1247 2467 1319 2531 quta
1332 2450 1461 2527 deluton
1474 2467 1510 2514 ea

418 2558 517 2625 utens,
536 2551 655 2614 lucrum
679 2549 777 2630 possit
798 2549 909 2612 lacere.
928 2550 1090 2628 Hucusque
1111 2548 1239 2630 proinde
1261 2549 1345 2613 notio
1367 2549 1509 2630 capitalis

419 2651 519 2713 solum
534 2650 680 2730 pecuniae
695 2649 864 2729 generatim
885 2649 1112 2724 annectebatur,
1130 2659 1160 2712 et
1180 2648 1305 2728 quidem
1327 2657 1418 2728 prout
1439 2664 1512 2712 con-

420 2747 528 2811 tractui
541 2747 648 2811 crediti
664 2747 786 2810 suberat
796 2764 803 2809 :
814 2746 943 2827 capitale
958 2745 1178 2809 «foecundum»
1193 2746 1360 2821 dicebatur,
1371 2763 1406 2809 eo
1418 2762 1507 2809 sensu

419 2847 500 2926 quod
514 2847 648 2928 pecunie
663 2846 779 2909 eredita
795 2846 938 2909 creditori
955 2845 1089 2925 legitime
1105 2845 1274 2908 auctarium
1290 2843 1404 2907 ferebat
1419 2847 1465 2922 (a).

459 2946 494 3008 2⁰
505 2947 616 3009 Verum
629 2945 845 3009 oeconomistae
857 2961 927 3007 mox
939 2943 1067 3007 ulterius
1079 2943 1233 3024 progressi
1246 2952 1327 3006 sunt.
1343 2945 1510 3023 Postquam

418 3044 516 3106 ilume
525 3043 589 3122 J'am
600 3042 817 3106 animadvertit
827 3042 1020 3105 altitudinem
1032 3041 1172 3126 auctarii,
1186 3057 1239 3104 seu
1252 3040 1381 3122 gradum
1394 3040 1514 3104 foecun-

418 3140 523 3204 ditatis
538 3141 690 3221 capitalis,
708 3157 770 3203 non
784 3157 802 3202 a
818 3140 934 3203 divitiis
949 3140 1148 3219 pecuniarum
1172 3139 1303 3220 pendere
1319 3155 1396 3219 quae
1412 3139 1507 3202 socie·

419 3247 479 3301 tate
493 3238 699 3319 possidentur,
718 3239 772 3302 sed
795 3239 897 3318 potius
917 3255 935 3300 a
956 3237 1072 3301 divitiis
1094 3237 1228 3300 realibus
1245 3235 1366 3314 (rietes,
1387 3235 1508 3312 stoelcsl,

452 3509 486 3572 (l)
503 3508 540 3566 Cl.
554 3510 629 3563 Pars
639 3513 727 3575 prior,
741 3524 768 3576 p.
782 3509 815 3565 58
827 3524 864 3565 ss

451 3592 486 3653 (ll
502 3593 541 3647 lta
559 3593 641 3647 etlam
658 3592 868 3647 Brinnssnwnnu
887 3592 940 3658 (op.
960 3607 994 3654 e..
1013 3591 1045 3652 ll,
1065 3605 1092 3658 p.
1106 3589 1139 3646 36
1157 3591 1199 3655 s),
1219 3592 1282 3656 post
1297 3591 1388 3653 liures,
1400 3589 1515 3645 videtur·

418 3674 555 3740 explicare
573 3674 712 3742 quomodo
731 3678 868 3740 auctores,
887 3675 1012 3742 quamvis
1032 3674 1061 3728 in
1081 3672 1205 3740 ponenda
1225 3677 1289 3726 nota
1311 3671 1507 3727 fundamentali

417 3757 598 3820 consentiant,
612 3761 667 3811 tam
679 3757 767 3811 varias
778 3759 870 3812 lamen
882 3755 1058 3812 definitiones
1070 3753 1192 3820 capitalis
1204 3753 1321 3809 tradant.

452 3837 487 3900 (3)
504 3839 542 3892 Ile
559 3838 609 3892 hac
626 3837 785 3893 evolutione
802 3838 934 3893 historica
951 3836 986 3892 cl.
1000 3837 1090 3900 llmns,
1109 3837 1167 3888 Dos
1188 3835 1267 3900 Getd,
1287 3849 1313 3900 p.
1327 3835 1392 3891 6ss.
1405 3834 1508 3898 Berlin,

418 3919 497 3985 1873,
517 3921 748 3985 Brenn-Sannum,
767 3922 844 3974 Solle
863 3923 949 3974 teorto·
966 3922 1010 3973 det
1030 3920 1159 3985 Capitale,
1179 3931 1203 3972 e.
1222 3919 1253 3981 ll,
1274 3917 1348 3983 l8'll;
1369 3919 1511 3984 Rosennn,

422 4003 598 4070 Grunetupen
615 4006 665 4056 der
680 4003 960 4066 Notionotttltonomle,
978 4016 1005 4067 p.
1018 4000 1051 4056 tt
1063 4015 1112 4065 ss.;
1129 3999 1348 4064 Boon-Beuum,
1365 4014 1407 4065 ep.
1426 4013 1462 4062 c..
1474 4001 1506 4063 ll,

419 4099 447 4149 p.
459 4085 493 4140 23
504 4099 552 4150 ss.;
565 4088 615 4149 In..
635 4086 664 4140 in
681 4086 932 4140 Hendwdrlerlntelr
950 4087 1000 4138 der
1017 4083 1329 4148 Stootswtssenselresten,
1343 4083 1377 4138 ad
1392 4083 1511 4139 verbum

418 4168 541 4233 Kapitol,
554 4169 597 4230 lV,
610 4183 634 4223 c.
648 4168 698 4224 olo
709 4182 732 4224 ε.

451 4249 486 4314 (4)
502 4250 540 4307 cl.
554 4254 645 4307 tomen
658 4265 750 4317 supra,
764 4265 791 4318 p.
808 4249 864 4316 tor,
878 4265 906 4306 n.
920 4251 945 4306 l.
