3242 4959
392 452 453 516 mo
761 468 835 513 plns
849 468 970 515 arruns.
991 469 1069 515 scor.
1086 470 1107 514 r.

393 646 516 696 causam
531 646 632 694 rerum
647 631 858 711 productivam
873 640 1001 720 ponunt,
1019 634 1072 697 sed
1090 631 1128 695 ad
1144 647 1299 696 summum
1311 630 1481 712 duplicem,

393 745 501 808 nempe
522 739 661 793 naturam
676 739 706 793 et
719 730 901 793 industriam
916 731 1082 795 humanam
1099 734 1145 810 (r).
1163 733 1203 796 Ut
1217 747 1289 812 erqo
1311 730 1484 795 auctarium.

392 828 513 908 capitali
530 829 707 904 attribuam,
721 845 783 892 non
792 832 860 907 jam
875 830 1015 910 capitalis
1030 839 1171 893 naturam
1182 829 1361 910 inspiciunt,
1374 843 1478 891 uerum

392 926 494 1006 potius
519 926 620 1006 ipsum
647 927 787 1006 capitalis
811 942 1030 1006 possessorem.
1053 929 1105 1002 Αῑ,
1131 927 1211 990 inter
1237 925 1380 1002 theorias,
1404 941 1484 1006 quas-

392 1024 443 1088 bic
467 1024 666 1104 respicimus,
701 1025 795 1087 altera
825 1025 994 1096 auctarium
1024 1025 1116 1088 habet
1144 1033 1177 1088 ut
1205 1024 1477 1106 compunctionem

393 1121 597 1185 abstinentiae
609 1139 664 1185 seu
684 1123 819 1202 cujusvis
835 1124 979 1203 jacturae
999 1139 1017 1185 a
1039 1123 1239 1204 proprietario
1261 1122 1367 1198 iactae,
1386 1122 1483 1184 altera.

392 1236 463 1284 uero
478 1228 511 1283 ut
531 1221 678 1284 salarium
693 1221 846 1300 quoddam
864 1221 977 1285 loboris
998 1222 1052 1302 qul
1069 1239 1129 1303 per
1149 1221 1281 1302 capitote
1301 1237 1475 1302 repraesen-

378 1320 547 1408 toldelo).
571 1320 684 1383 lterum
705 1319 775 1394 hio,
798 1319 887 1382 sicuti
910 1319 1004 1395 alibi,
1029 1323 1128 1399 quoad
1155 1319 1364 1399 quaestionem
1387 1333 1482 1398 quam.

328 1442 331 1447 >
392 1417 581 1481 tractandam
603 1417 804 1498 suscepimus,
824 1418 919 1480 multa
941 1428 1103 1481 occurrunt
1124 1417 1324 1481 accidentalia
1339 1418 1386 1494 (a),
1403 1431 1479 1497 quae

393 1517 570 1598 exponenda
585 1533 641 1580 nos
657 1518 778 1598 longius
794 1535 849 1581 nec
863 1519 901 1582 ad
917 1535 1043 1599 scopum
1059 1517 1213 1582 ducerent.
1233 1517 1368 1582 Sulllciat
1387 1518 1489 1598 igitur*

392 1606 513 1680 notasse
534 1617 667 1679 theorias
688 1616 759 1680 illas
776 1633 1037 1698 praesupponcre,
1055 1618 1145 1680 sicuti
1164 1617 1292 1698 priores,
1311 1617 1486 1680 auctarium.

393 1715 545 1796 quoddam
561 1732 681 1796 semper
696 1717 819 1797 capitali
833 1716 912 1796 juste
924 1717 1079 1793 obvenire,
1094 1717 1229 1797 adeoque
1240 1716 1362 1780 easdem
1374 1732 1485 1779 essen·-

392 1814 468 1876 tiam
482 1814 663 1893 systematis,
679 1814 759 1893 quod
775 1816 938 1879 classicum
955 1815 1101 1890 diximus,
1119 1816 1312 1895 participare.

435 1995 477 2056 ll⁰
492 1995 625 2058 Classico
641 1994 677 2058 de
693 1995 817 2075 capitali
833 2003 862 2058 et
876 1996 1010 2059 auctario
1030 1996 1186 2074 systemati
1208 1995 1292 2058 aliud
1313 1994 1482 2058 hodiedum-

332 2147 336 2154 .
393 2093 565 2173 opponitur.
595 2095 674 2157 «leb
699 2095 827 2174 gelange
847 2095 1009 2169 nunmebr‚
1039 2095 1079 2156 ita
1106 2094 1344 2157 Bobmllawerlr
1367 2095 1414 2172 (a),
1442 2111 1478 2156 zu

390 2190 476 2269 J'ener
490 2192 728 2267 denlruirrdigen
742 2193 908 2256 Tbeorie...
927 2192 975 2255 die
990 2209 1028 2254 an
1046 2192 1099 2255 der
1111 2193 1218 2272 Wiege
1239 2191 1292 2254 des
1313 2191 1485 2255 modernen

393 2291 592 2355 Socialismus
607 2292 773 2372 gestanden
795 2291 858 2354 und
880 2291 937 2353 mit
959 2291 1022 2353 ihm
1043 2307 1131 2372 qross
1153 2291 1315 2371 geworden
1336 2291 1393 2369 ist;
1417 2289 1479 2354 und
1604 2365 1605 2372 χ

393 2389 442 2452 die
463 2389 551 2453 heute
577 2390 635 2452 den
660 2389 883 2453 tbeoreliscben
907 2390 1104 2470 Angelpunlrt
1130 2388 1236 2464 bildet‚
1253 2403 1306 2450 um
1328 2387 1387 2450 den
1414 2388 1487 2451 sich.
1604 2373 1605 2392 ¹

391 2490 514 2570 Angrill
525 2489 588 2552 und
603 2490 735 2553 Abwebr
749 2491 791 2552 im
801 2490 909 2552 Streite
924 2505 975 2552 um
988 2489 1036 2552 die
1049 2487 1264 2569 organisation
1276 2487 1330 2550 der
1340 2487 1480 2551 mensch-

391 2587 494 2651 licben
510 2588 709 2653 Gesellscbalt
725 2589 853 2651 zumeist
868 2588 1023 2668 bewegen.
1041 2611 1054 2644 l
1073 2589 1115 2651 lle
1131 2588 1248 2650 loenore
1260 2594 1290 2649 et
1304 2585 1341 2649 de
1356 2586 1485 2666 capitali.

382 2695 527 2766 agentes,
551 2704 612 2751 non
634 2703 798 2767 possumus
820 2688 898 2750 bano
924 2686 1071 2749 theoriam
1097 2685 1196 2764 quoad
1222 2685 1397 2748 essentialia
1418 2701 1489 2747 nonr

392 2786 573 2850 adumbrare
591 2804 598 2848 :
616 2787 666 2849 bic
685 2797 797 2855 autem.
815 2797 904 2866 prout
924 2786 1107 2863 incepimus
1126 2799 1246 2863 semper
1267 2783 1299 2844 in
1320 2799 1355 2847 eo
1378 2800 1480 2847 versa-

393 2901 462 2948 mur
477 2894 509 2948 ut
523 2886 719 2949 ostendamus
735 2886 888 2966 imprimis
904 2901 921 2948 a
936 2885 1100 2948 socialistis
1115 2885 1206 2946 etlam
1223 2891 1326 2947 notam
1341 2884 1488 2964 capitalis.

392 2984 530 3048 moderni
545 2985 749 3060 essentialem,
767 3001 860 3066 supra
875 2984 1055 3063 expositam,
1074 2982 1110 3045 de
1124 2984 1204 3062 sueto
1219 2983 1355 3062 agnosci.

434 3086 474 3147 Ut
487 3083 731 3160 fundamentum,
755 3101 810 3164 per
832 3085 990 3147 scientiam
1013 3086 1190 3164 praesertim
1214 3084 1366 3164 anglicam
1389 3086 1487 3166 longo·

393 3182 504 3245 abhinc
519 3191 654 3261 tempore
667 3183 729 3260 jam
745 3183 891 3262 positum,
908 3183 1036 3246 babetur
1050 3184 1107 3245 boc
1122 3182 1306 3262 principium
1322 3200 1329 3245 :
1346 3183 1484 3246 valorem

426 3383 460 3447 (ll
476 3385 533 3439 lmo
545 3384 671 3440 nonnulli
680 3398 763 3440 unam
771 3387 878 3441 tantum
887 3399 995 3440 eausam
1009 3385 1197 3451 productivam
1209 3385 1365 3448 admittunt.
1376 3386 1480 3442 scilieet

393 3465 514 3522 laborem
527 3466 686 3522 bumanum.

426 3548 460 3612 <el
477 3549 549 3604 llanc
561 3549 723 3604 sententiam
736 3562 852 3616 prorsus
863 3549 1016 3616 distinguas
1033 3563 1047 3604 o
1067 3551 1199 3606 sententia
1216 3549 1251 3606 de
1269 3549 1491 3616 productivitate

392 3631 516 3699 capitalis
526 3646 609 3699 quam
620 3632 786 3688 Lauderdole
798 3633 911 3697 invenit,
921 3639 949 3690 et
961 3634 986 3688 vi
999 3632 1079 3699 cujus
1089 3636 1203 3700 copelata
1211 3637 1299 3699 iprum
1307 3632 1486 3700 aliquatenus

332 3753 335 3761 ·
392 3718 567 3782 operaretur:
581 3715 625 3771 bio
636 3729 702 3771 vero
713 3716 804 3781 agitur
822 3716 858 3772 de
875 3715 969 3772 labore
980 3718 1148 3781 constaturus
1160 3717 1217 3772 sive
1229 3717 1352 3772 anteacto
1364 3715 1398 3770 ad
1409 3717 1478 3784 capi·

392 3798 446 3854 lale
457 3798 651 3864 colligendum,
665 3799 722 3854 slve
735 3803 877 3863 praesente
889 3798 921 3853 ad
934 3798 1050 3865 capitale
1061 3798 1239 3855 credendum.

425 3881 460 3943 (3)
476 3882 507 3937 V.
528 3895 566 3948 g..
588 3886 682 3937 utrum
703 3895 788 3937 necue
806 3889 906 3936 nutura
923 3883 1011 3938 officia
1029 3896 1077 3937 sua
1094 3886 1180 3950 prutes
1202 3881 1333 3946 conferat,
1357 3881 1488 3949 adeoque

393 3966 487 4019 utrum
499 3977 584 4020 neone
601 3965 629 4019 in
645 3964 746 4019 valoris
762 3963 957 4020 distributione
974 3968 1087 4020 naturae
1106 3966 1175 4021 ratio
1187 3965 1223 4020 sit
1235 3963 1367 4020 babenda.
1380 3964 1485 4020 Bastiae

393 4043 508 4099 affirmat
525 4048 650 4101 naturam
668 4045 788 4111 gratuito
799 4047 952 4112 cooperari.
965 4045 1002 4102 ol.
1016 4047 1197 4110 brunnaronu,
1211 4060 1252 4112 op.
1266 4060 1301 4111 c.,
1313 4059 1342 4112 p.
1355 4044 1487 4112 llo-rol,

393 4125 611 4194 boun-murm,
624 4144 665 4194 op.
679 4144 712 4191 c.,
725 4130 747 4193 l,
760 4143 787 4195 p.
801 4128 919 4185 stt-353.

426 4209 460 4272 (ll
476 4209 828 4276 boun-Bawunn,up.c.,1,
843 4226 870 4279 p.
884 4212 942 4267 lle.
