3242 4959
396 455 457 522 266
763 475 836 520 rans
850 475 971 522 namna.
987 474 1068 521 sacr.
1085 475 1119 520 u.

440 658 454 693 c
469 637 600 700 Lucrum
615 653 733 702 cessare
748 637 871 714 dicitnr,
884 637 1007 718 quando
1022 655 1059 701 en
1074 627 1206 718 eoquod
1221 646 1355 712 mutuas,
1367 636 1483 701 amittis

397 736 586 801 occasionem
602 737 740 802 lucrandi
763 745 814 800 tua
836 737 976 817 pecunia,
995 753 1055 817 qua
1075 736 1199 802 volebas
1222 737 1268 800 ret
1290 753 1416 802 censum
1436 737 1481 800 ret

396 933 452 988 imo
463 946 514 990 nec
525 932 560 990 de
570 933 653 990 titulo
671 946 769 999 poenae
785 935 1004 996 conventabnottr,
1021 947 1085 993 cum
1104 947 1159 988 non
1178 932 1311 990 habeatur
1328 933 1485 996 conventio,
1593 918 1594 921 '

395 1015 443 1072 sed
455 1015 490 1071 dc
502 1029 564 1071 vera
577 1014 677 1082 iniusta
689 1015 920 1078 damnificatione,
933 1028 988 1070 non
1001 1017 1092 1071 tamen
1103 1028 1237 1082 exaequo
1249 1015 1408 1082 reparanda.

428 1096 457 1152 3⁰
468 1097 526 1153 Atia
537 1096 652 1163 proinde
661 1099 703 1154 est
711 1097 836 1164 quaestio
846 1102 940 1153 utrum
949 1097 1058 1164 aliquis,
1069 1101 1168 1163 sponte
1176 1097 1254 1153 alteri
1264 1100 1403 1159 mutuans,
1412 1096 1485 1163 juste

394 1181 483 1248 possit
495 1181 594 1246 pacisci
606 1181 641 1237 de
652 1180 856 1246 compensando
874 1180 952 1236 tuero
970 1181 1096 1244 cessanti,
1114 1183 1162 1236 aut
1180 1180 1277 1238 saitem
1288 1181 1486 1237 damnoemer-

395 1265 469 1331 genti
487 1267 563 1318 intro
581 1271 683 1328 aemma
703 1267 788 1318 motai
805 1265 940 1330 praeviso.
954 1264 1039 1329 (luam
1050 1265 1240 1330 quaestionem
1252 1265 1312 1329 ipse
1328 1265 1355 1320 S.
1368 1263 1488 1320 Thomas

280 1413 285 1422 ,
396 1351 521 1402 accurate
532 1347 566 1400 ab
577 1346 661 1402 altera
679 1346 835 1412 distinguit,
853 1350 885 1402 ut
901 1350 975 1412 patet
990 1360 1025 1402 ex
1041 1359 1136 1411 opusc.
1149 1347 1192 1399 De
1202 1347 1288 1410 Molo,
1301 1361 1329 1414 q.
1342 1347 1409 1408 xiil,
1421 1359 1446 1400 a.
1458 1344 1483 1406 i,

396 1428 429 1485 ad
442 1428 483 1492 tt,
497 1429 545 1484 ubi
558 1429 659 1484 iterum
676 1430 754 1495 prius
769 1429 925 1496 quaesitum
941 1427 1100 1486 affirmando
1118 1429 1209 1484 solvit.
1223 1429 1315 1494 Quoad
1336 1429 1406 1485 hanc
1421 1441 1488 1484 vero

396 1510 508 1567 alteram
521 1511 718 1577 quaestionem,
732 1524 802 1576 quae
818 1514 860 1566 est
876 1510 911 1566 de
928 1510 996 1577 ipsis
1008 1510 1106 1570 titulis.
1119 1509 1215 1577 quales
1227 1515 1320 1577 postea
1333 1512 1486 1577 ponuntur,

350 1611 354 1621 ·
395 1593 504 1649 videtur
517 1592 543 1647 S.
557 1592 674 1647 Thomas
690 1606 789 1657 anceps
806 1593 928 1648 haesisse
939 1592 981 1648 vel
1001 1593 1056 1648 imo
1068 1606 1181 1658 negasse
1194 1611 1201 1648 ε
1215 1593 1251 1648 ita
1264 1595 1305 1646 Dc
1317 1594 1404 1657 Moto,
1418 1594 1438 1648 t.
1450 1608 1485 1655 c,

396 1688 451 1730 non
464 1677 570 1729 tanturn
582 1675 719 1738 improbat
732 1673 840 1730 luorum
849 1689 968 1740 amsans,
979 1675 1026 1731 sed
1038 1676 1103 1738 imo,
1115 1679 1146 1732 ut
1155 1675 1483 1739 nobisvidetnromnino,

397 1757 487 1823 ipsum
499 1755 630 1810 damnum
642 1769 785 1821 emergens
797 1774 804 1812 :
818 1756 957 1813 «debebat
968 1757 1042 1812 enim
1059 1757 1106 1813 ille
1117 1758 1165 1823 qui
1178 1759 1322 1824 pecuniam
1339 1758 1483 1821 mutuavit,

396 1837 449 1894 sibi
461 1839 565 1894 cavisse
581 1851 615 1892 no
633 1836 829 1893 detrimentum
849 1839 1025 1894 incurreret»
1035 1837 1080 1898 (ci.
1094 1841 1187 1896 textus
1197 1839 1379 1905 objectionis).
1393 1841 1488 1897 Postea
1595 1886 1596 1899 .

396 1932 472 1983 vero,
484 1933 548 1974 cum
565 1917 600 1973 de
617 1917 712 1974 eadem
732 1931 761 1973 re
776 1920 842 1984 agit,
855 1919 884 1974 in
896 1919 924 1974 2³
935 1921 984 1983 2⁸⁸,
997 1934 1025 1987 q.
1038 1921 1169 1985 lxlllllll,
1180 1935 1206 1977 a.
1219 1922 1245 1985 t,
1258 1921 1291 1977 ad
1305 1923 1328 1984 l,
1342 1921 1487 1978 manifeste

397 2001 496 2068 probat
508 2005 616 2066 pactum
629 2000 663 2056 de
675 2001 774 2058 damno
785 2003 946 2067 emergenti,
963 2017 1036 2069 «per
1047 2003 1122 2071 quod
1133 2005 1306 2062 subtrahitur
1316 2006 1368 2060 sibi
1382 2004 1485 2072 aliquid

397 2083 471 2152 quod
483 2083 564 2140 debet
577 2083 708 2147 habere»,
719 2084 767 2140 sed
780 2098 837 2141 non
847 2086 941 2141 minus
951 2086 1080 2152 explicite
1092 2087 1229 2154 improbat
1239 2090 1349 2154 pactum
1361 2087 1397 2144 de
1409 2089 1487 2144 lucro

397 2168 520 2222 oossanta
539 2184 545 2220 :
565 2166 869 2229 «recompensationem
887 2180 953 2223 vero
971 2166 1072 2229 damni,
1092 2167 1168 2234 quod
1179 2168 1371 2225 consideratur
1389 2169 1419 2224 in
1435 2169 1490 2225 hoc

397 2249 471 2316 quod
489 2249 525 2306 de
543 2250 657 2315 pecunia
677 2263 733 2305 non
751 2248 885 2314 lucratur,
903 2264 960 2306 non
978 2256 1068 2316 potest
1085 2252 1113 2306 in
1131 2256 1242 2318 pactum
1259 2251 1407 2317 deducere,
1424 2253 1489 2320 quia

397 2347 453 2389 non
464 2332 546 2389 debet
556 2332 676 2389 vendere
693 2332 720 2388 id
737 2332 812 2398 quod
831 2333 954 2389 nondum
966 2333 1058 2398 habet,
1070 2339 1099 2391 et
1110 2339 1202 2402 potest
1214 2336 1341 2403 impediri
1354 2335 1492 2403 multipli-

397 2416 682 2474 citerabhabendo.»

431 2498 496 2554 Cum
514 2502 606 2556 autem
624 2503 772 2564 quaeratur
789 2513 923 2564 quaenam
941 2501 978 2555 sit
996 2512 1074 2555 mens
1092 2501 1119 2556 S.
1133 2501 1261 2564 Thomae,
1278 2501 1433 2557 absurdum
1447 2503 1495 2556 est

398 2578 474 2646 loqui
486 2579 608 2636 dehisce
628 2593 698 2645 quae
717 2581 850 2647 implicite
869 2581 898 2636 in
916 2582 1004 2646 ipsius
1020 2582 1163 2649 principiis
1180 2583 1365 2646 continentur,
1378 2588 1408 2638 et
1419 2595 1492 2650 quae

398 2660 486 2727 logice
506 2660 623 2726 probare
643 2662 781 2716 debuisset.
797 2663 904 2730 Utique,
925 2662 1024 2719 titulus
1041 2663 1112 2719 lucri
1127 2665 1269 2726 mutis,
1282 2665 1376 2730 prouti
1395 2667 1490 2730 postea

397 2741 526 2808 explicito
538 2743 671 2809 probatur
686 2747 715 2799 et
733 2743 879 2807 evolvitur,
896 2746 975 2812 quasi
995 2746 1024 2800 in
1041 2745 1165 2810 germine
1179 2747 1293 2811 ponitur
1304 2747 1332 2800 in
1345 2746 1493 2812 principiis
1597 2804 1598 2815 ,

398 2825 529 2891 angelici,
548 2825 645 2882 saitem
666 2826 695 2881 in
712 2828 825 2880 Samarra
843 2828 996 2893 thwtopa’oo.
1016 2830 1059 2890 ht,
1077 2828 1176 2894 quovis
1196 2828 1278 2884 modo
1297 2829 1381 2884 verba
1403 2829 1495 2895 ipsius

397 2907 579 2974 explicentur,
593 2921 649 2962 non
661 2908 786 2965 videmus
802 2909 942 2974 quomodo
960 2909 1019 2976 ipse
1036 2910 1149 2966 titutum
1162 2910 1236 2966 hunc
1246 2924 1303 2966 non
1315 2910 1489 2976 improbarit.

397 2984 474 3054 Quod
493 3002 550 3045 non
566 2988 722 3044 mirandum
743 2993 794 3054 est,
814 2991 838 3045 si
857 2984 923 3056 prae
940 2993 1032 3046 mente
1052 2991 1186 3047 habemus
1204 2993 1354 3047 sententias
1373 2995 1403 3047 et
1421 3005 1495 3048 usus

396 3072 615 3126 coaetaneorum.
629 3070 722 3135 Quoad
734 3075 870 3133 auctores,
883 3070 965 3126 multi
977 3073 1044 3126 tunc
1058 3085 1090 3126 ao
1107 3071 1218 3127 saeculo
1228 3072 1366 3138 sequenti,
1378 3071 1493 3129 lucrum

396 3166 506 3209 cessans
518 3157 548 3209 ut
559 3153 672 3208 titutum
684 3152 918 3218 compensandum
930 3167 985 3209 non
996 3157 1167 3220 agnoverunt
1176 3153 1221 3216 (ct.
1231 3168 1324 3220 supra,
1338 3168 1365 3220 p.
1378 3154 1409 3220 43
1424 3156 1493 3212 item

397 3239 494 3291 auctor
505 3249 601 3301 opusc.
614 3237 656 3288 De
668 3237 767 3300 muro,
779 3249 804 3291 c.
818 3235 881 3297 Vll).
895 3235 947 3300 Qui
964 3236 1063 3292 modus
1081 3235 1217 3292 sentiendi
1235 3251 1291 3292 non
1307 3250 1388 3303 aegre
1403 3236 1492 3304 expli·

303 3355 304 3358 ¹
398 3321 476 3375 catur
487 3332 521 3375 ex
532 3320 665 3374 abusibus
683 3318 759 3374 illius
777 3319 930 3384 temporis:
946 3320 1070 3374 Gouraioi
1081 3333 1179 3386 nempe
1190 3334 1239 3376 seu
1255 3322 1406 3383 coruram,
1420 3324 1496 3378 teste

397 3403 532 3460 hetthaeo
549 3403 624 3458 Paris
635 3401 668 3458 ad
681 3416 782 3458 annum
795 3402 871 3467 raab,
885 3401 1034 3459 theoretice
1052 3407 1180 3459 mutuum
1199 3417 1248 3470 per
1258 3417 1289 3459 se
1300 3404 1465 3470 gratuitum,
1476 3418 1496 3459 a

398 3486 516 3543 concilio
534 3485 680 3542 Viennensi
700 3499 764 3541 mox
782 3484 979 3549 definiendum,
997 3485 1195 3551 approbabant,
1213 3486 1262 3542 sed
1280 3486 1370 3542 titulis
1387 3486 1492 3542 extrin-

397 3570 478 3634 secis,
492 3569 653 3635 praesertim
672 3569 742 3624 lucri
760 3569 903 3630 cessantis.
923 3568 1072 3625 utebantur
1082 3572 1110 3624 et
1120 3568 1304 3625 abutebantur
1316 3572 1346 3624 ut
1358 3570 1497 3626 maximas

397 3665 497 3708 usuras
515 3653 666 3718 exigerent.
686 3652 723 3706 be
741 3651 818 3706 hisce
835 3649 870 3706 ci.
891 3651 997 3706 Pennus
1014 3650 1168 3715 smmum,
1187 3666 1229 3716 op.
1250 3666 1284 3717 o.,
1296 3652 1318 3717 1,
1338 3665 1365 3717 p.
1379 3651 1435 3715 XV,
1448 3649 1495 3716 88,

398 3735 460 3799 th'h
475 3736 506 3800 11,
519 3735 566 3798 51ς
579 3737 608 3790 et
619 3738 734 3796 dannan,
747 3749 789 3798 op.
803 3749 837 3796 c..
851 3735 871 3799 l,
886 3749 913 3800 p.
926 3733 1046 3790 aboedo.

426 3816 584 3875 Caeterum.
598 3817 766 3882 principium
777 3816 868 3882 quoad
879 3820 1018 3880 interesse,
1032 3817 1144 3873 seientia
1155 3816 1272 3884 juridica
1283 3832 1381 3874 coaeva
1394 3822 1424 3875 et
1436 3819 1495 3875 imo

399 3898 546 3963 posteriori
565 3899 708 3957 statutum.
728 3900 786 3953 erat
805 3896 859 3953 hoc
870 3916 879 3952 ι
892 3897 1049 3953 «interesse
1067 3911 1122 3954 non
1139 3897 1258 3954 debetur
1275 3899 1329 3953 nisi
1341 3913 1376 3952 eac
1388 3914 1497 3953 aaaron

399 3979 434 4035 ci.
448 3980 603 4044 Ennnnnnn,
615 3981 768 4042 Studien...
782 3981 814 4043 ll,
824 3979 909 4044 0653
921 3994 968 4044 ssa
982 3983 1098 4043 dsnrnr,
1108 3995 1150 4046 op.
1161 3982 1226 4044 c.,1,
1238 3995 1265 4046 p.
1275 3981 1334 4045 955,
1347 3982 1379 4046 lt,
1391 3996 1420 4048 p.
1431 3981 1492 4038 loo

399 4060 458 4117 tro.
472 4063 552 4118 Juxta
563 4062 638 4128 quod
650 4063 829 4129 principium,
841 4064 925 4118 etiam
942 4068 1088 4130 postquam
1100 4062 1174 4120 tituli
1185 4066 1280 4117 domni
1290 4067 1454 4130 emergentis
1464 4065 1496 4120 et

401 4145 471 4197 tucia·
482 4147 609 4198 cassanha
621 4144 751 4210 explicite
769 4144 880 4211 probari
898 4145 1069 4210 inceperunt,
1082 4147 1210 4198 inarasse
1226 4145 1496 4211 recompensandum

400 4227 535 4291 nouerat,
549 4226 604 4282 nisi
616 4225 685 4282 illud
698 4225 772 4292 quod
785 4225 914 4282 currebat
925 4232 982 4292 post
994 4241 1100 4280 moram
1118 4225 1237 4292 aliquam
1248 4239 1297 4282 seu
1309 4233 1367 4290 post
1377 4227 1494 4295 aliquod
