3242 4959
345 441 409 486 cnr.
427 440 447 486 r.
466 441 612 490 rmucrnn
626 441 775 490 scamaras
789 441 994 488 mcuuorncnn.
1143 425 1215 491 ,lat

117 607 276 682 hodierni,
293 606 407 687 quippe
428 607 480 686 qui
502 607 637 672 valorem
659 607 843 685 objectivum
865 607 999 686 aliquem
1018 608 1109 688 siguo
1127 610 1215 680 exhi·

119 711 195 774 bere
209 716 431 790 supponantur,
448 708 597 773 rationem
618 702 780 772 ior’rualem
795 717 934 772 monetae
949 708 1131 790 participare
1149 709 1210 774 tlici

119 818 264 889 possunt.

165 909 303 988 Insuper,
319 915 475 971 monetam
496 905 665 970 formaliter
686 906 808 986 signum
825 923 892 968 esse
911 907 1035 982 valoris,
1051 907 1149 970 elucet
1163 907 1210 970 vel

120 1023 157 1068 ex
170 1006 271 1070 valore
287 1006 385 1086 ipsius
399 1005 527 1068 relativo
543 1013 605 1067 tam
621 1005 704 1068 vario
719 1021 775 1085 pro
791 1007 858 1069 loeo
870 1013 901 1068 et
912 1015 1046 1086 ternpore
1059 1023 1066 1068 :
1081 1014 1110 1069 et
1124 1021 1209 1082 sane,

120 1105 148 1168 si
164 1106 266 1185 agitur
288 1106 325 1169 de
346 1115 468 1170 moneta
483 1123 544 1186 qua
566 1114 699 1179 moneta,
717 1105 748 1168 id
770 1114 817 1168 est
831 1122 891 1184 qua
912 1107 1113 1170 instrumento
1128 1122 1212 1172 com·

119 1204 337 1272 mutationum.
354 1204 429 1283 quid
444 1203 537 1267 reiert
552 1204 635 1268 valor
651 1203 749 1282 ipsius
765 1203 943 1267 absolutus?
957 1207 992 1280 (v)
1004 1204 1096 1266 Valor
1109 1212 1212 1266 autem

90 1322 93 1326 ’
119 1303 267 1365 relativus
282 1302 427 1366 fundatur
441 1318 508 1365 non·
518 1302 630 1365 directe
646 1302 678 1364 in
693 1303 796 1364 valore
812 1311 951 1364 monetae
966 1303 1142 1378 intrinseco,
1156 1302 1210 1366 sed

120 1402 154 1464 in
170 1401 272 1464 valore
292 1411 415 1465 externo
436 1417 493 1481 per
514 1411 666 1464 monetam
688 1400 834 1464 exhibito.
852 1401 890 1463 lit
910 1401 968 1464 hoe
985 1401 1027 1464 ita
1045 1417 1149 1465 verum
1164 1409 1213 1464 est

121 1499 216 1579 quod,
226 1501 364 1562 unanimi
373 1499 713 1564 fereoeoonomistarum
725 1515 887 1574 consensu,
897 1507 1046 1562 statuatur
1055 1499 1210 1564 nationem

120 1599 258 1678 aliquam
274 1615 335 1662 non
351 1598 419 1662 ideo
434 1599 560 1662 divitem
580 1615 659 1672 esse,
675 1598 748 1678 quia
768 1614 898 1678 magnas
913 1599 1059 1678 pecuniae
1073 1613 1212 1662 summas

120 1696 287 1777 possideat,
305 1696 358 1760 sed
373 1705 498 1760 eatenus
518 1705 634 1759 tantum
657 1704 807 1775 quatenus
822 1704 969 1771 caeteras,
984 1703 1103 1776 praeter
1117 1711 1209 1776 pecu-

120 1797 219 1870 niam,
232 1796 328 1859 reales
340 1796 474 1869 divitias,
489 1796 552 1858 sive
564 1795 645 1875 apud
661 1811 694 1858 se
709 1795 808 1875 ipsam
821 1795 883 1857 sive
894 1795 933 1860 ab
945 1796 1068 1871 exteris,
1080 1796 1209 1877 pecunia

120 1895 220 1975 possit
234 1895 390 1973 acquirere
402 1897 448 1970 ta).
467 1895 578 1974 Utique
599 1895 683 1957 valor
705 1901 844 1957 monetae
865 1894 1033 1969 absolutus,
1051 1895 1083 1957 in
1107 1896 1211 1960 valore

119 1994 287 2058 intrinseco
315 1992 476 2069 fundatus,
508 1994 541 2056 in
569 1993 860 2058 commutationibus
890 1993 1088 2073 quibusdam,
1120 2011 1147 2056 v.
1175 2011 1206 2075 g.

120 2094 245 2169 cambii,
263 2100 362 2174 potest
376 2093 568 2157 intervenire.
582 2095 694 2156 Verum
710 2103 782 2157 tuuc
799 2105 920 2157 moneta
936 2110 996 2158 non
1012 2111 1071 2174 qua
1086 2105 1209 2160 moneta

120 2193 340 2268 consideratur,
369 2193 422 2257 sed
451 2194 587 2273 praecise
616 2209 676 2274 qua
705 2209 789 2256 merx
818 2211 825 2256 :
854 2193 935 2272 quod
965 2194 1053 2258 nobis
1082 2197 1210 2260 omnino

152 2459 186 2519 tt)
200 2457 480 2512 Valoremalrsotatam
491 2457 671 2523 intelligimus
680 2457 800 2512 valorem
809 2470 891 2523 quem
901 2455 1015 2522 pecunia
1025 2457 1055 2510 ut
1065 2455 1209 2522 resaliqua

120 2540 203 2595 habet
215 2540 244 2594 in
255 2541 357 2607 seipsa;
369 2541 523 2601 retaticvna.
534 2553 617 2605 quern
627 2542 658 2594 ut
667 2539 781 2604 pecunia
791 2538 873 2594 habet
885 2538 913 2592 in
924 2537 1137 2593 commutatione
1145 2550 1209 2593 cum

120 2623 204 2678 rebus
213 2623 356 2688 quibusvis
372 2620 503 2678 iacienda.
517 2621 602 2686 Quam
613 2621 818 2676 distinctionem
831 2619 931 2674 valoris
947 2619 1077 2684 pecuniae
1089 2632 1209 2684 praeser-

120 2705 170 2760 tim
183 2709 278 2760 notant
290 2703 410 2768 theologi
424 2704 579 2759 intractato
593 2706 625 2757 ate
636 2705 705 2757 Jare
719 2709 744 2756 et
757 2703 877 2755 Justitto.
886 2728 920 2737 -
929 2702 956 2756 P.
966 2702 1212 2766 lrnsnaronnipse

120 2785 236 2842 eandem
253 2785 457 2842 distinctionem
475 2784 624 2841 faciendam
642 2798 703 2840 esse
723 2783 871 2849 perspexit.
890 2785 918 2837 et
938 2782 1049 2858 quidem
1070 2783 1098 2837 in
1117 2782 1212 2837 valore

121 2869 236 2924 relativo
249 2869 381 2923 mtionem
393 2868 525 2934 pecuniae
536 2881 589 2933 qna
602 2866 733 2932 pecuniae
745 2865 847 2931 posuit,
861 2878 924 2920 cum
936 2864 1037 2919 scribat
1051 2882 1057 2918 :
1070 2864 1159 2919 «dans
1171 2877 1210 2920 un

120 2964 185 3006 sens
201 2964 256 3005 non
269 2950 332 3015 plus
346 2948 447 3014 absolu,
462 2950 530 3005 mais
545 2948 647 3012 retcttf,
665 2947 683 3001 il
696 2950 738 3003 est
750 2947 852 3012 permis
864 2946 899 3002 dc
910 2945 1036 3013 qualisner
1047 2945 1073 3000 la
1084 2947 1212 3002 monnaie

120 3032 155 3088 de
167 3046 277 3088 mesore
288 3031 337 3087 des
348 3034 440 3088 autres
451 3032 590 3087 valeurs...
604 3031 638 3084 lu
650 3029 744 3084 valeur
756 3028 790 3084 de
802 3029 827 3083 la
839 3028 965 3084 monnaie
975 3030 1017 3084 est
1032 3027 1209 3090 determines.

120 3128 228 3172 comme
239 3118 316 3170 toute
327 3119 405 3170 autre
416 3113 520 3177 valeur,
531 3129 584 3179 por
594 3115 621 3166 tn
633 3113 752 3177 qunntttc'
764 3114 796 3164 ate
808 3111 898 3164 choses
909 3125 957 3176 que
969 3111 1021 3164 t’on
1033 3117 1095 3176 peut
1107 3112 1212 3165 obtenta·

120 3212 153 3250 en
166 3198 290 3262 tctanqc.
304 3195 347 3260 Or,
361 3209 426 3251 avec
441 3211 480 3251 un
496 3194 557 3260 eeu,
571 3209 619 3260 par
636 3193 772 3261 exemplo,
785 3208 822 3249 on
840 3207 875 3249 ne
886 3196 953 3259 peut
964 3194 1072 3249 obtenir
1084 3193 1108 3248 la
1121 3193 1212 3251 meme

120 3281 246 3348 quantita
263 3281 298 3336 de
315 3281 404 3336 vivres
422 3294 457 3335 en
475 3283 564 3346 temps
583 3278 618 3334 de
636 3279 735 3335 dissttc
753 3279 834 3345 qu’en
853 3282 942 3344 temps
958 3277 1150 3341 d'altondame
1172 3291 1208 3332 ou

120 3363 189 3418 dans
207 3375 262 3418 une
279 3362 343 3418 ville
361 3360 482 3428 assianae
499 3375 554 3429 que
572 3360 639 3417 dans
657 3374 712 3417 une
729 3361 794 3417 ville
813 3360 905 3416 libre»
924 3360 976 3425 (op.
996 3375 1030 3424 c,
1049 3374 1076 3426 p.
1089 3358 1131 3423 tlt,
1144 3359 1211 3416 coll.

120 3460 147 3511 p.
159 3445 210 3508 35).
221 3445 302 3509 Ergo,
314 3444 337 3500 si
350 3444 466 3510 munia
478 3447 520 3499 est
531 3457 659 3499 mensura
671 3443 782 3508 valoris,
796 3457 847 3498 nec
858 3443 991 3509 pecuniae
1002 3457 1054 3509 qua
1067 3454 1213 3498 mensurae

120 3527 196 3584 valor
212 3527 356 3583 absolutus
373 3540 422 3582 seu
443 3526 610 3582 intrinsecus
627 3526 780 3591 computari
799 3529 900 3592 potest,
920 3523 1088 3591 loquendum
1104 3527 1213 3580 tantum

121 3611 243 3666 remanet
254 3609 289 3665 de
301 3609 393 3664 valore
405 3609 493 3674 ipsius
505 3610 628 3670 rotatico,
640 3607 689 3674 qui
701 3609 742 3663 cst
755 3606 908 3662 iormaliler
920 3607 948 3661 in
961 3606 1014 3662 hoc
1025 3606 1098 3673 quod
1118 3620 1211 3661 rerum

121 3696 296 3748 externarum
308 3691 429 3747 valorem
441 3691 520 3757 signo
534 3691 727 3757 repraesentet.

153 3774 188 3836 til
205 3772 244 3828 Gi.
257 3789 283 3828 v.
296 3787 334 3839 g..
347 3774 421 3828 iinon
432 3772 513 3839 (apud
527 3773 708 3834 mnnnnronn,
721 3785 763 3836 op.
777 3786 810 3835 c,
825 3785 851 3836 p.
864 3769 898 3826 95
910 3769 953 3836 s.);
973 3771 1207 3834 bavis-ianuam,

122 3868 162 3917 op.
183 3870 216 3918 c„
240 3869 267 3920 p.
290 3853 414 3918 masau
436 3853 685 3916 Lusor-Bascama.
710 3852 854 3906 Εεοηοηιῑθ
880 3852 1015 3916 potitique.
1039 3865 1066 3917 p.
1090 3850 1139 3904 iii>
1160 3864 1208 3915 ssa

124 3936 153 3990 l.
165 3936 264 4000 Wnrss,
283 3937 412 4003 Apowpie
429 3939 465 3988 ata
483 3935 691 3998 chrottnntsme
704 3935 723 3988 t.
737 3948 772 3998 c..
785 3932 872 3998 pili
887 3947 923 3988 ss.
935 3959 969 3968 -
982 3931 1058 3996 Quod
1075 3930 1212 3997 imprimis

127 4019 156 4071 A.
169 4019 255 4076 Smitlr
267 4019 371 4075 notavit
382 4021 410 4074 et
421 4019 517 4073 statuit
533 4021 629 4072 contra
647 4017 765 4083 systema
783 4015 985 4072 oeconomicum
1003 4013 1124 4070 anterius
1141 4027 1213 4070 mer-

132 4100 273 4156 cantilismi
287 4119 293 4156 :
307 4101 359 4156 hoc
372 4099 444 4156 idem
460 4112 525 4154 vero
541 4097 743 4165 aequivalenter
755 4099 856 4163 negant
868 4097 915 4165 qui
934 4096 1075 4152 notionem
1090 4093 1216 4163 capitalis

135 4178 160 4233 in
171 4182 284 4246 pecunia
296 4182 414 4247 ponunt;
428 4179 576 4247 dequibus
591 4193 656 4236 mox
668 4181 710 4234 est
721 4178 867 4245 agendum.
