3242 4959
379 369 441 435 tta
751 391 823 437 anns
837 391 958 436 aurum.
976 390 1056 436 secr.
1074 391 1095 436 r.

379 551 525 616 attribuer
538 550 556 615 a
571 551 700 633 largent
714 552 875 616 lui-meme
895 570 955 617 une
976 560 1061 616 vertu
1082 561 1112 616 et
1133 569 1192 617 une
1213 562 1319 618 nature
1340 553 1486 634 produc·-

378 651 449 727 tive,
466 659 496 715 et
510 667 587 733 pour
602 661 678 715 cette
693 652 796 716 raison
811 652 886 716 rend
902 651 1030 732 largent
1045 652 1169 732 capital.
1188 651 1306 717 L’autre
1322 670 1359 716 ne
1375 653 1487 718 laisse

377 767 434 832 pas
448 751 547 813 meme
561 766 600 813 au
615 751 726 830 capital
743 766 777 813 sa
791 760 909 826 nature,
926 749 1110 814 dest-adire
1126 767 1159 814 sa
1174 750 1390 831 productivitt3
1408 751 1486 816 elle·

378 849 453 912 rend
468 849 497 912 le
512 849 621 929 capital
637 857 744 930 argent
758 847 952 926 [c’estd-dire
967 849 1092 927 sterilel.
1110 851 1194 914 Nous
1209 850 1324 913 devons
1345 851 1425 914 tenir
1441 853 1484 915 le·

376 948 456 1026 juste
479 947 597 1024 millen,
621 964 659 1010 en
685 947 876 1029 distinguant
897 949 959 1012 l'un
981 948 1018 1012 de
1040 948 1145 1013 l’autre
1166 959 1273 1025 argent
1293 959 1323 1012 et
1342 949 1480 1030 capital,

379 1063 496 1112 comme
521 1063 562 1110 on
587 1045 740 1128 distingue
766 1049 794 1112 le
820 1047 910 1112 mitat
938 1046 1027 1112 d’une
1048 1049 1163 1129 plante,
1188 1066 1246 1112 une
1269 1050 1368 1129 pierre
1393 1049 1481 1113 d’un·

375 1145 489 1225 jardin.
508 1144 649 1209 L‘inttrdt
664 1145 741 1209 dans
756 1147 784 1210 le
799 1147 910 1227 capital
927 1155 973 1210 est
988 1165 1031 1208 uu
1044 1147 1125 1225 fruit
1139 1146 1204 1227 qui,
1225 1162 1281 1227 par
1295 1146 1323 1210 le
1345 1148 1469 1220 travail,

376 1250 442 1307 sort
456 1244 708 1324 orqouiqccmeut
721 1243 764 1307 du
779 1244 896 1326 capitul
911 1245 956 1308 lui
972 1245 1084 1320 meme,
1099 1245 1179 1307 mais
1194 1244 1322 1325 torpent
1336 1262 1375 1307 ue
1390 1250 1485 1326 peut

371 1342 489 1421 jamnis
500 1340 652 1423 producite
666 1341 700 1404 ni
711 1360 774 1424 par
793 1342 850 1419 lui,
867 1343 901 1404 ni
923 1360 960 1405 cu
982 1341 1091 1405 delicus
1115 1341 1151 1406 tte
1171 1343 1227 1418 lui,
1251 1360 1311 1405 aue
1331 1342 1486 1406 nouvelle·

377 1439 484 1502 volem
496 1439 649 1520 desuper
667 1441 713 1518 (t).

349 1550 351 1553 ·
419 1541 532 1603 Verum
546 1540 594 1603 via
614 1540 690 1603 haec
709 1556 727 1602 a
744 1541 777 1602 P.
795 1541 898 1604 Weiss
918 1539 956 1604 ad
979 1557 1104 1621 scopum
1126 1541 1336 1622 attingendum
1358 1542 1480 1620 electa,

377 1654 504 1720 prorsus
524 1639 612 1702 devia
633 1647 769 1719 apparet.
792 1639 840 1702 Ad
862 1640 943 1720 quod
965 1641 1208 1717 monstrandum,
1231 1641 1384 1721 imprimis
1405 1658 1477 1706 nom

378 1755 470 1802 unam
485 1738 561 1802 inibi
578 1738 849 1803 contradictionem
864 1738 1091 1819 deprehendere
1107 1740 1196 1804 nohis
1211 1739 1359 1803 videmur.

419 1837 452 1899 1⁰
464 1838 573 1901 Nolam
588 1837 830 1918 consumptionis
845 1839 932 1917 ponit
953 1846 1016 1901 tum
1041 1838 1073 1900 in
1095 1839 1217 1901 notione
1238 1838 1379 1918 capitalis
1401 1846 1474 1902 tum

377 1938 410 2000 in
424 1936 547 2000 notione
562 1935 722 2015 pecuniae;
740 1944 770 1998 et
784 1935 909 2015 quidem
924 1945 996 1999 nota
1017 1936 1092 1999 haec
1114 1937 1148 1999 in
1169 1937 1298 2016 pecunia
1319 1937 1477 2000 essentia·-

378 2035 447 2099 liter
461 2033 620 2114 impediret
635 2034 800 2112 quominus
816 2033 856 2096 sit
870 2033 1058 2114 productiva,
1078 2035 1112 2096 in
1127 2035 1250 2114 capitali
1272 2035 1476 2113 nullatenus5.

377 2139 509 2208 econtra,
527 2130 666 2211 capitalis
682 2131 900 2211 productivitas
914 2132 953 2195 ab
976 2133 1074 2213 ipsius
1096 2133 1328 2212 consumptione
1349 2132 1468 2196 torma-

378 2232 448 2294 liter
462 2231 607 2311 penderet
623 2247 631 2293 :
649 2231 760 2293 etenim
781 2239 814 2293 ut
835 2229 960 2310 aliquod
981 2231 1096 2294 bonum
1119 2231 1159 2293 sit
1180 2231 1308 2312 capitale
1329 2231 1479 2311 adeoque*

373 2329 602 2412 productivum,
624 2329 789 2409 requiritur
809 2336 843 2392 ut
863 2329 996 2393 valorem
1020 2329 1130 2393 habeat
1154 2330 1204 2410 qui
1228 2338 1261 2393 ut
1280 2331 1365 2393 valor
1385 2345 1482 2394 com·-

378 2428 561 2509 sumptionis
572 2429 670 2508 possit
679 2428 785 2491 haberi
797 2427 836 2490 ad
848 2428 981 2490 valorem
994 2443 1068 2491 usus
1083 2445 1196 2492 novum
1206 2427 1424 2508 generandum.
1436 2429 1477 2492 id

377 2536 434 2604 est,
451 2529 517 2591 sine
533 2527 638 2601 dubio,
656 2534 689 2588 ut
703 2527 838 2589 valorem
861 2526 970 2590 habeat
992 2527 1043 2607 qui
1065 2528 1145 2591 inse
1163 2528 1301 2591 consumi
1317 2528 1413 2608 possit
1428 2528 1477 2592 ad·

377 2629 511 2692 valorem
524 2626 712 2706 superiorem
723 2625 954 2706 producendum
964 2629 1010 2704 (a).
1021 2627 1179 2690 Sterilitac
1191 2643 1260 2691 vero
1273 2627 1419 2708 pecuniae
1431 2642 1479 2689 ex.

378 2744 413 2792 eo
424 2727 559 2810 praecise
576 2726 745 2803 deducitur,
759 2726 840 2806 quod
857 2727 986 2808 pecunia
1005 2727 1104 2806 primo
1121 2744 1178 2790 usu
1190 2735 1386 2790 consumatur
1401 2728 1438 2805 (a)
1457 2744 1473 2791 t.

410 2985 444 3049 (i)
461 2983 498 3041 (ll.
511 2985 558 3050 it,
571 2999 599 3050 p.
613 2982 671 3040 tto.

411 3068 446 3130 (a)
463 3065 501 3123 dl.
514 3067 559 3130 du,
574 3081 600 3132 p.
614 3064 672 3130 186,
686 3065 734 3120 iti
749 3078 772 3120 s.

411 3149 445 3212 (3)
457 3149 494 3205 ct.
502 3150 537 3204 id.
545 3167 553 3204 ε
561 3162 588 3215 p.
596 3149 644 3203 att
654 3163 677 3204 s.
689 3147 758 3202 hanc
766 3147 1021 3212 contradictionem,
1032 3161 1115 3215 quam
1125 3161 1179 3202 non
1191 3161 1337 3213 possumus
1346 3146 1474 3215 abigere,

378 3230 515 3296 explicare
532 3232 657 3292 conatur,
672 3227 789 3285 dicendo
808 3227 838 3282 in
856 3231 954 3284 mutuo
973 3243 1032 3285 rem
1049 3231 1218 3282 consideran·
1228 3227 1470 3284 «exclusivement

381 3311 486 3379 d’aprla
497 3326 526 3368 sa
538 3311 632 3368 valeur
642 3311 677 3367 de
688 3311 905 3367 consummatior
913 3326 937 3370 >a
949 3316 1059 3368 econtra
1072 3311 1100 3366 in
1112 3325 1164 3366 usu
1176 3310 1333 3377 capitalium
1342 3327 1359 3360 c
1368 3312 1394 3366 la
1404 3310 1471 3369 baso

379 3395 416 3452 du
430 3395 568 3450 contrat...
581 3396 624 3449 est
634 3393 708 3448 aussi
720 3407 759 3448 un
771 3392 836 3448 bien
846 3391 894 3458 qui
906 3394 949 3448 est
959 3391 1057 3448 estimo
1072 3389 1177 3458 d'aprds
1195 3405 1223 3447 sa
1240 3391 1336 3447 valeur
1353 3391 1389 3448 de
1405 3405 1469 3448 con·

379 3477 553 3542 sommation,
567 3475 635 3531 mais
649 3475 667 3530 il
682 3475 742 3531 l’est
752 3474 767 3532 i
779 3475 805 3530 la
817 3475 957 3532 condition
975 3488 1104 3541 expresse
1121 3473 1206 3530 d’itre
1224 3473 1365 3530 tellement
1382 3475 1469 3529 trans-

380 3557 468 3616 lormd
480 3572 528 3624 par
540 3558 566 3615 le
578 3558 704 3614 travail...
717 3571 772 3626 que
788 3573 851 3615 sans
863 3557 930 3614 loire
941 3559 998 3614 tort
1009 3555 1024 3613 a
1037 3572 1065 3613 sa
1076 3557 1171 3614 valeur
1187 3556 1222 3612 de
1239 3556 1469 3618 consommatiou,

380 3643 398 3698 il
423 3642 516 3708 puisse
538 3655 574 3698 eu
597 3639 656 3697 etro
677 3639 791 3699 ddtaclre
810 3655 866 3698 une
885 3640 981 3698 valeur
1001 3640 1110 3706 d'usage
1129 3638 1329 3706 independente
1343 3652 1370 3694 ».
1393 3637 1477 3694 uude

378 3725 505 3792 sequitur
516 3724 720 3781 distinctionem
736 3724 808 3780 inter
820 3727 948 3780 mutuum
962 3723 1095 3790 pecuniae
1105 3726 1134 3779 et
1145 3736 1226 3779 usum
1237 3719 1396 3788 capitalium
1407 3734 1475 3778 esse·

378 3808 569 3866 tantummodo
582 3807 757 3872 nominalem,
770 3812 906 3875 quatenus
917 3806 1059 3864 distinctio
1071 3806 1162 3863 solum
1173 3819 1208 3862 ex
1218 3805 1328 3862 diverso
1340 3807 1468 3872 respectu

380 3905 473 3948 rerum
491 3905 522 3948 ac
540 3891 691 3947 intentione
708 3890 829 3946 oriretur
842 3908 849 3946 z
863 3890 886 3946 si
898 3891 971 3945 enim
990 3889 1096 3946 notioni
1113 3887 1215 3945 valoris
1232 3889 1476 3942 mnsammattonis·

380 3976 408 4030 et
424 3989 496 4039 mnu,
512 3987 595 4040 supra
614 3973 729 4040 positae,
742 3972 927 4038 inhaeremus,
941 3972 1057 4029 dubium
1075 3986 1131 4028 non
1148 3973 1191 4028 ost
1208 3971 1293 4036 ipsam
1313 3971 1465 4036 pecuniam,

380 4055 467 4108 tutori
477 4057 642 4120 mniuacmm
654 4067 703 4110 seu
717 4053 746 4109 in
756 4054 921 4110 commercio
933 4053 1059 4120 positam,
1072 4053 1135 4120 post
1146 4054 1256 4120 tempus
1267 4051 1467 4108 incrementum

377 4135 485 4201 afferre.
497 4136 551 4192 Neo
563 4136 592 4190 in
604 4135 654 4192 hae
669 4135 776 4192 theoria
791 4134 947 4201 obiiciatur,
966 4134 1110 4202 pecuniam
1127 4135 1157 4190 in
1174 4147 1205 4191 se
1222 4146 1279 4190 non
1295 4133 1473 4190 subsistere:
