3242 4959
352 461 417 507 cuo.
435 461 467 507 11.
491 460 654 506 uouruuuos
672 459 858 514 ounrsrrours
872 459 1025 506 lsuucrus.
1193 441 1243 506 el*

143 626 253 690 dicbus
268 627 348 690 inter
368 627 535 691 catholicos
556 634 587 690 et
607 626 766 708 speciatim
787 626 1044 707 inter'theologos
1065 625 1128 689 lere
1148 642 1245 690 com·-

142 726 248 790 munis
274 726 334 790 dici
356 734 467 806 potest.
493 726 577 788 «lde
601 724 711 788 dctorc
736 725 774 788 de
800 731 866 788 tout
888 724 960 788 titre
985 724 1165 800 adommim,
1190 724 1233 788 ita

142 826 179 888 P.
202 827 346 900 Aurorae,
373 825 395 888 il
417 832 464 888 est
488 823 645 888 conforme
670 822 688 886 i
713 823 742 887 la
765 823 875 901 justice
900 823 937 886 de
963 823 1127 903 percevoir‚
1156 823 1240 890 daus

142 924 256 988 l’ordrc
271 923 471 1004 tconomique
486 924 597 999 amuel,
614 940 656 986 un
670 922 779 986 intdrtt
794 930 962 1003 proreuant
981 922 1022 986 du
1041 922 1151 1002 simple
1165 922 1239 1001 pret

141 1013 291 1102 d’argent.
315 1023 399 1086 cette
420 1021 503 1084 these
525 1021 662 1101 s’appuie
682 1036 736 1084 sur
756 1019 835 1084 deux
856 1019 1059 1096 londements,
1081 1035 1134 1082 sur
1154 1019 1233 1083 deux

140 1118 312 1200 propriores
326 1136 386 1200 que
401 1118 530 1200 possdde
546 1119 574 1182 lc
588 1119 822 1199 capital-argent
844 1134 915 1181 sous
938 1119 966 1182 le
987 1117 1101 1198 regime
1122 1117 1231 1181 dcono·

140 1219 246 1298 mique
271 1218 416 1282 moderne
444 1235 451 1281 :
481 1220 515 1280 l⁰
540 1217 571 1279 lu
590 1216 801 1298 producttottt
824 1216 966 1279 virtacclte
984 1217 1140 1297 penetrata
1158 1217 1190 1280 ⁰2⁰
1205 1217 1237 1279 lc

136 1318 274 1400 pouooir
302 1317 523 1399 representatis
546 1323 704 1380 concoct»
736 1319 781 1394 (r).
814 1317 1029 1397 Progrediente
1059 1317 1141 1380 enirn
1170 1317 1233 1380 vita

141 1419 341 1493 economus,
373 1417 543 1481 industriae
576 1427 606 1480 et
638 1417 820 1481 commercio
850 1417 979 1496 pecunia
1013 1418 1055 1479 ita
1084 1417 1170 1480 utilis
1202 1424 1240 1480 ot¹

141 1518 315 1580 necessaria
343 1515 421 1580 lacta
457 1524 514 1591 cst,
550 1524 584 1578 ut
613 1515 676 1594 Jam
705 1516 793 1595 quasi
831 1515 973 1579 foecunda
1002 1516 1043 1578 sit
1076 1515 1241 1579 habenda:

141 1618 233 1692 Saue,
253 1617 409 1697 «pecunia
423 1633 460 1679 cn
475 1633 541 1679 sese
557 1617 670 1679 sterilis
688 1622 771 1680 est...
784 1639 812 1692 n,
833 1615 885 1678 sed
904 1616 1091 1695 «pecuniae,
1108 1614 1235 1695 quande

140 1715 377 1780 instrumentum
393 1715 610 1796 negotiationis
624 1716 850 1794 est.·quacdam
865 1715 1113 1795 quasi-lentitius
1133 1721 1235 1795 potest

141 1976 367 2044 {interpretation
385 1976 420 2032 de
438 1977 462 2032 la
481 1976 605 2032 doctrine
624 1975 829 2032 traditionnolle
851 1991 865 2031 a
890 1975 937 2031 tait
960 1976 1044 2031 sorlir
1063 1975 1098 2032 de
1117 1990 1149 2032 cc
1167 1977 1235 2032 titre

141 2060 260 2121 (tucrum
276 2058 393 2121 cusanc)
411 2071 466 2114 une
484 2059 590 2114 theorie
607 2059 733 2124 oratioue
744 2059 791 2123 qui
804 2057 892 2123 paruit
904 2072 938 2114 ne
950 2059 1013 2124 plus
1025 2056 1109 2124 guero
1121 2057 1233 2114 differer

140 2140 189 2197 des
201 2140 277 2196 idees
288 2140 434 2196 moderues
446 2155 494 2196 sur
507 2141 532 2194 lu
545 2138 729 2206 produetlvite
740 2139 777 2195 du
790 2140 921 2206 capital.»
1187 2194 1190 2199 ,

172 2223 327 2283 Theoriam.
346 2222 381 2278 de
398 2237 452 2290 qua
471 2223 516 2278 hic
532 2222 633 2287 egitur,
650 2225 739 2277 naum
759 2235 903 2278 censemus
921 2222 950 2276 in
967 2221 1104 2287 theologie
1122 2221 1240 2276 ultimis

139 2305 280 2362 decenniis
300 2319 323 2360 s.
344 2306 409 2367 xlx,
431 2307 460 2360 et
480 2304 591 2370 quidem
615 2305 649 2360 ad
672 2304 860 2370 explicandum
884 2307 995 2370 praxim
1019 2303 1178 2359 hodiernam
1201 2305 1235 2360 et

139 2388 248 2445 decreta
266 2402 378 2444 romana
396 2388 477 2442 «Non
494 2401 555 2443 esse
574 2386 799 2454 inquietandos».
818 2388 890 2452 Quae
902 2401 965 2442 eum
978 2387 1090 2442 omnino
1102 2387 1157 2440 siut
1169 2385 1230 2440 uui-

138 2471 263 2534 versalia,
284 2472 313 2526 et
332 2485 395 2526 cum
415 2469 469 2534 jam
489 2474 521 2525 ut
541 2470 659 2536 positive
678 2470 862 2535 permittentia
884 2469 1043 2532 habeantur,
1067 2467 1230 2524 eorumdem

139 2553 314 2609 fundamenta
326 2553 479 2619 theologica
492 2555 569 2608 erant
580 2552 732 2608 statuenda.
746 2553 853 2608 Pictum
866 2555 907 2608 est
919 2566 1000 2618 supra
1015 2553 1119 2618 priores
1136 2551 1228 2616 decre·

138 2639 232 2692 torum
253 2634 365 2690 illorum
385 2636 549 2701 interpretes
569 2634 731 2700 simpliciter
750 2633 783 2690 ad
805 2637 911 2688 lucratu
931 2647 1036 2688 cessans
1055 2633 1131 2686 hodie
1149 2647 1229 2696 proc-

137 2723 274 2782 sumptum
289 2717 450 2784 appellasse,
463 2717 504 2772 vel
523 2717 606 2773 etiam
626 2718 733 2769 titutum
751 2717 865 2782 legalem
883 2716 980 2772 saltem
998 2716 1176 2782 prohabilem,
1193 2709 1237 2772 ut¹

137 2799 206 2865 ipsis
229 2798 273 2853 SS.
296 2798 557 2864 congregationibus
579 2797 714 2863 placuisse
736 2796 853 2860 videtur,
878 2797 1044 2864 adjunxisse.
1068 2797 1229 2854 Notavimus·

137 2880 252 2946 insuper
271 2879 383 2935 titulum
404 2879 520 2946 legalem
542 2879 648 2935 ultimis
668 2878 743 2933 hisce
765 2877 906 2934 decenniis
929 2878 1048 2934 savorem
1070 2879 1229 2945 peritorum

137 2963 270 3019 amisisse.
292 2964 332 3018 lb
351 2963 435 3019 altera
458 2966 549 3029 perte,
574 2963 725 3029 praesentis
748 2962 870 3018 theoriae
894 2963 1015 3028 patronis
1038 2963 1230 3028 praesumptio·

137 3045 207 3101 lucri
230 3047 364 3102 cesseritis
386 3045 420 3100 ad
443 3046 550 3112 praxim
573 3043 760 3110 explicandam
784 3058 840 3098 non
863 3045 988 3100 sufficere
1013 3043 1158 3100 videbatur
1179 3043 1241 3108 (el.

137 3129 166 3184 ll.
179 3130 278 3189 Psscu.
290 3131 445 3196 Ztnsprund
456 3131 511 3181 und
522 3129 696 3193 Ztnsqrcuac,
710 3127 739 3182 lu
751 3126 892 3193 periodico
910 3127 1066 3192 Zettsctrt'tt
1077 3127 1123 3190 fiir
1135 3128 1230 3180 uacuo*

137 3213 218 3265 tutte
236 3212 384 3277 Theotopte,
398 3209 471 3274 1888,
486 3225 512 3276 p.
526 3210 621 3272 dote).
641 3209 717 3265 Unde
735 3210 869 3265 theoriam
886 3209 1083 3265 adstruxerunt
1100 3211 1126 3264 vi
1145 3209 1230 3276 cuius

136 3307 171 3350 nc
193 3297 386 3360 praesumptus
410 3291 537 3358 quidem,
561 3290 660 3347 titulus
681 3291 867 3354 extrinsecus,
892 3291 1002 3357 singulo
1025 3292 1223 3358 requireretur.

136 3376 278 3442 Praecipui
297 3374 384 3449 hujus·
404 3376 555 3430 sentcntiae
573 3377 790 3441 propugnatores
808 3373 921 3429 luerunt
940 3393 946 3430 :
966 3375 995 3429 P.
1015 3377 1045 3430 Α.
1065 3376 1225 3440 ludunum,

136 3460 202 3512 Zins
213 3462 269 3512 und
287 3459 403 3512 Wucter
422 3472 471 3510 vor
488 3461 549 3510 dem
567 3457 766 3511 Rc'cltterstulrle
784 3459 833 3508 tter
845 3457 947 3509 Ktrclte
959 3459 1013 3510 und
1024 3460 1074 3510 der
1092 3456 1224 3521 Vernuutt

137 3541 280 3603 (Sttmmen
298 3554 348 3593 uos
367 3538 574 3602 Morta-Laeto,
598 3537 672 3602 ltro,
694 3553 721 3605 p.
744 3537 793 3592 toll
815 3552 862 3599 so..
884 3537 933 3593 384
953 3552 1001 3601 ss„
1020 3538 1070 3594 470
1089 3540 1150 3603 ss.);
1172 3540 1221 3603 iu„

136 3623 260 3689 Dcutunp
278 3624 332 3674 und
350 3621 520 3688 Mtsdeulunq
537 3624 587 3674 der
607 3621 771 3673 tircltlc'clreu
795 3619 980 3682 Vorccltrtfleu
1000 3619 1064 3673 liter
1082 3620 1148 3672 Zins
1168 3617 1228 3673 unct

141 3705 259 3759 Wucter
271 3703 328 3768 (dn,
341 3702 416 3766 1885,
429 3718 456 3770 p.
467 3705 481 3758 1
492 3703 553 3768 ss.l;
566 3705 616 3767 lm,
634 3704 775 3769 Theotopt'u
787 3705 910 3766 moratis,
920 3704 940 3766 1,
951 3703 1038 3758 Tract.
1049 3703 1091 3764 lv.
1102 3706 1168 3758 sect.
1179 3702 1222 3767 IV,

137 3788 217 3851 elil,
230 3787 267 3842 lle
279 3788 419 3841 contractu
434 3785 540 3851 mutui;
559 3786 587 3840 P.
601 3787 632 3839 11.
645 3786 741 3849 Pasce,
755 3787 774 3840 t.
787 3800 822 3849 e,
837 3801 863 3852 p.
877 3785 961 3849 3871,
974 3783 1091 3840 393118.
1105 3785 1144 3840 Ab
1156 3784 1226 3850 illis..

137 3870 231 3926 eadem
250 3870 395 3934 sententia,
413 3869 468 3925 alio
485 3873 514 3925 et
531 3869 585 3924 alio
603 3868 686 3926 modo
704 3870 837 3934 exposite,
858 3869 982 3924 transivit
1002 3867 1036 3924 ad
1057 3869 1223 3924 recentiores

138 3953 239 4018 multos
258 3951 428 4015 moralistas.
443 3956 472 4009 ct
490 3952 573 4007 etlam
592 3951 786 4006 oeoouomistas
805 3950 964 4006 catholicos.
987 3949 1024 4006 dt.
1045 3952 1073 4005 P.
1093 3951 1238 4015 tmolus„

138 4048 178 4098 op.
190 4049 223 4098 c..
238 4048 264 4099 p.
277 4033 328 4089 501
340 4052 347 4088 :
360 4036 480 4088 attamen
495 4046 550 4088 non
569 4047 664 4088 omnes
681 4036 808 4089 auctores
827 4032 864 4087 ibi
882 4032 989 4097 allegati
1007 4032 1076 4086 hanc
1088 4032 1225 4088 theoriam

140 4118 319 4181 propugnant.

172 4198 205 4260 ll)
221 4197 258 4255 Cl.
273 4198 301 4252 P.
314 4202 443 4265 Amomr,
456 4213 502 4267 op.
511 4213 545 4262 c.‚
558 4212 586 4264 p.
599 4195 648 4264 198
659 4211 696 4253 se.
