3242 4959
405 446 446 510 rt
813 478 818 511 :
854 465 927 510 rans
947 464 1046 510 aaron.
1082 491 1085 497 -

403 629 622 693 extendendam
647 629 824 704 declaravit,
847 629 901 708 qui
927 628 1010 691 malo
1035 628 1080 692 vel
1104 628 1199 691 dubia
1221 628 1282 709 fida
1302 629 1391 692 titulo
1416 628 1501 709 legis

403 728 514 803 civilis,
543 727 574 791 id
600 736 646 792 est
669 728 789 792 etiamsi
815 726 853 791 de
873 728 965 806 hujus
984 728 1054 791 novi
1076 727 1156 791 tituli
1174 728 1293 807 iustitia
1315 727 1504 791 nullomodo

402 827 553 909 persuasi,
568 826 771 890 nihilominus
786 826 921 889 auctaria
934 824 1019 904 iuxta
1034 833 1136 889 taram
1152 842 1170 889 a
1185 826 1252 907 lege
1266 833 1411 890 statutam
1427 842 1499 907 per-

402 920 557 1006 ceperant.

444 1024 477 1087 10
492 1023 557 1087 Etsi
574 1022 668 1102 igitur
683 1022 720 1085 de
736 1022 929 1103 legitimitate
950 1023 1032 1086 tituli
1055 1022 1164 1104 legalis
1186 1024 1218 1085 iu
1241 1040 1273 1087 se
1297 1023 1506 1104 pronuntiare

402 1139 464 1186 nou
486 1120 677 1184 intenderent
699 1121 752 1184 88.
771 1122 1040 1202 congregationes,
1063 1122 1126 1185 imo
1149 1122 1188 1185 ab
1214 1138 1249 1185 eo
1273 1122 1496 1198 abstraherent,

402 1231 504 1284 tamen
531 1236 592 1283 non
617 1219 819 1284 dubitandum
846 1220 966 1284 uidetur
995 1222 1184 1284 consultores
1205 1232 1236 1283 et
1259 1220 1432 1284 cardinales
1456 1220 1499 1284 ad

402 1336 551 1400 respousa
571 1336 665 1399 supra
689 1320 785 1384 relata
808 1330 964 1402 permotos
985 1320 1082 1383 luisse
1101 1320 1264 1388 sententia,
1295 1337 1331 1384 eo
1360 1329 1500 1401 tempore

404 1422 478 1485 satis
507 1422 710 1485 communiter
739 1421 893 1500 probabili
923 1420 1015 1495 dicta,
1042 1420 1080 1483 de
1103 1422 1168 1501 lege
1194 1419 1288 1495 civili,
1317 1420 1356 1483 ob
1381 1420 1500 1483 bonum

403 1520 561 1601 publicum
590 1528 620 1583 et
649 1520 678 1581 vi
708 1520 762 1581 alti
792 1519 935 1585 dominii.
963 1521 1180 1601 proprietatem
1207 1518 1335 1584 iteneris
1360 1518 1498 1600 legitime

403 1620 616 1683 transferente.
646 1620 735 1693 Sane,
762 1621 815 1698 qui
841 1620 1024 1699 petitionum
1051 1621 1347 1701 responsionumque
1372 1621 1495 1696 seriem,

404 1720 442 1783 ab
458 1736 538 1783 anuo
556 1719 636 1782 1830
652 1718 690 1781 ad
707 1718 787 1782 1810
810 1718 1039 1799 productorum,
1057 1720 1198 1801 perlegit,
1215 1720 1253 1783 ad
1269 1721 1356 1783 illam
1371 1720 1498 1783 conclu·

405 1819 523 1881 sionem
543 1825 650 1896 sponte
672 1817 837 1896 perveniet.
854 1819 968 1880 Norma
989 1817 1073 1880 enirn
1095 1819 1240 1897 practica,
1257 1820 1344 1882 aSS.
1366 1819 1505 1897 congre*

404 1918 580 1998 gationibus
609 1932 669 1995 qua
698 1925 760 1979 tuta
791 1918 964 1996 proposita,
994 1918 1103 1980 saltem
1128 1917 1379 1998 probabilitatem
1409 1916 1506 1979 tituli

407 2016 512 2097 bouils
527 2018 559 2078 in
576 2017 639 2078 illis
659 2016 781 2079 casibus
804 2018 961 2096 supponit,
979 2018 1011 2078 in
1034 2018 1147 2096 quibus
1168 2018 1268 2081 omnis
1289 2019 1369 2081 alius
1389 2018 1506 2081 titulus

405 2115 534 2196 legitimi
561 2114 689 2177 faenoris
715 2114 820 2177 deesse
842 2114 1035 2193 supponitur.
1057 2116 1172 2189 Quodsi
1194 2115 1314 2180 decreta
1335 2116 1377 2178 ita
1401 2116 1498 2195 expli-

405 2223 522 2281 cantur.
540 2230 601 2276 non
614 2213 677 2291 iam
694 2212 867 2276 mirandum
883 2222 929 2275 est
952 2229 1092 2276 normam
1113 2214 1193 2277 banc
1214 2215 1381 2293 practicam
1402 2214 1502 2277 etiam

404 2314 442 2377 ad
458 2312 657 2376 ioeneratores
672 2312 753 2373 ariolo
773 2311 819 2374 vel
844 2310 939 2373 detdic
959 2311 1019 2391 fido
1043 2312 1163 2375 extendi
1183 2330 1190 2375 :
1208 2328 1276 2376 ctum
1298 2314 1381 2376 enim
1403 2313 1506 2377 realis

403 2411 631 2490 objectivusque
659 2411 777 2480 titulus,
809 2410 919 2473 saltem
948 2406 1148 2490 probabiliter
1177 2412 1342 2492 legitimus,
1370 2411 1500 2488 existat,

404 2511 524 2574 etiamsi
540 2509 646 2573 eodem
662 2509 826 2587 subiective
842 2509 889 2572 usi
913 2524 975 2572 non
997 2510 1069 2582 siut,
1087 2519 1117 2573 at.
1137 2527 1207 2572 curn
1230 2510 1356 2589 proinde
1377 2510 1503 2588 justitia

405 2609 604 2691 probabiliter
617 2610 698 2671 laesa
711 2623 772 2670 uon
784 2608 835 2682 sit,
846 2608 883 2670 ad
897 2607 1119 2671 restitutionem
1127 2617 1268 2671 uousuut
1279 2608 1435 2689 obligandi
1444 2610 1499 2686 (a).

438 2807 472 2871 tt)
490 2808 559 2863 sane
576 2808 659 2873 episc.
673 2806 766 2861 bellic.
784 2819 877 2861 veram
895 2804 942 2861 sed
961 2818 1017 2860 non
1034 2811 1077 2860 sat
1091 2804 1208 2870 amplam
1227 2803 1309 2860 iuiert
1326 2819 1360 2860 ex
1377 2805 1510 2862 decretis

385 2956 387 2959 .
404 2890 619 2950 conclusionem,
632 2888 756 2944 scribens
770 2906 776 2943 :
790 2887 932 2943 «dicimus
943 2901 1009 2943 vero
1024 2893 1053 2943 et
1068 2888 1262 2943 contendimus
1276 2901 1367 2943 sacras
1381 2900 1501 2953 congre·

405 2972 528 3037 gationes
551 2985 657 3027 necnon
680 2975 708 3027 et
731 2970 801 3026 duos
824 2984 949 3025 summos
971 2968 1115 3036 pontifices
1138 2970 1208 3025 banc
1230 2969 1388 3036 opinionem
1410 2970 1501 3032 (tituli

405 3051 509 3118 legalis)
521 3066 576 3108 non
594 3053 766 3107 existimasse
783 3051 946 3113 damnatam,
960 3050 1008 3106 sed
1020 3056 1143 3107 econtra
1160 3050 1229 3105 adeo
1240 3050 1410 3116 probabilem
1422 3052 1454 3106 ut
1464 3050 1506 3107 im

405 3134 473 3187 tono
490 3134 542 3199 fide
560 3134 696 3200 culpaque
715 3135 846 3188 immunis
864 3147 925 3188 esse
944 3135 1033 3199 possit
1051 3136 1100 3199 qui
1119 3134 1189 3188 banc
1209 3136 1240 3189 ut
1260 3134 1409 3199 legitimam
1420 3136 1500 3191 leuet

406 3214 494 3271 donec
507 3215 557 3271 lrac
568 3216 602 3271 de
614 3218 775 3283 quaestione
787 3217 914 3271 statuerit
925 3216 952 3270 8.
965 3215 1065 3271 Sedis»
1076 3215 1183 3277 (braum
1194 3217 1214 3269 t.
1223 3230 1258 3279 c,
1268 3229 1292 3269 c.
1303 3215 1387 3277 1081).
1399 3214 1507 3271 Potius

408 3296 554 3353 dicendum
571 3302 613 3353 est
630 3299 674 3353 88.
688 3299 785 3364 Gongr.
801 3297 870 3353 banc
887 3298 1046 3364 opinionem
1057 3297 1126 3353 adeo
1137 3297 1306 3363 probabilem
1323 3298 1500 3353 existimasse

407 3382 439 3434 ut
448 3380 531 3435 etiam
543 3380 591 3446 qui
604 3380 674 3435 banc
685 3394 742 3435 non
754 3384 829 3435 tenet
839 3384 871 3434 ut
883 3379 1042 3445 legitimam,
1055 3381 1122 3436 etin
1135 3383 1210 3434 inula
1220 3381 1274 3445 tide
1284 3381 1388 3444 existit,
1401 3382 1508 3446 peccet.

406 3460 518 3527 quidem
531 3460 664 3528 injustitia
677 3462 808 3525 allectiva,
821 3465 941 3517 attamen
951 3476 1008 3518 non
1019 3466 1095 3518 certo
1106 3462 1238 3525 effectiva,
1251 3462 1384 3529 adeoque,
1397 3461 1506 3519 dolens

406 3546 441 3601 de
453 3549 572 3611 peccato,
586 3546 646 3601 sine
657 3558 741 3601 onere
753 3546 916 3601 restituendi
927 3546 1031 3601 absolvi
1049 3548 1137 3613 possit
1152 3546 1324 3602 «dummodo
1336 3551 1446 3613 paratus
1457 3546 1498 3602 sit

405 3632 478 3685 stare
495 3627 630 3684 mandatis
648 3629 673 3683 S.
695 3628 803 3683 Sedis».
823 3628 897 3693 Quae
915 3632 1009 3685 nostro
1026 3629 1216 3695 interpretatio
1233 3628 1413 3684 confirmatur
1429 3628 1505 3683 vali—

404 3710 518 3767 dissime
533 3711 714 3765 Instruclt'onc
731 3711 760 3765 S.
775 3711 871 3777 Conqr.
889 3714 923 3763 dc
940 3711 1118 3775 Propriae,
1137 3711 1201 3765 anni
1220 3708 1287 3765 tata
1304 3710 1500 3774 (Collectonea,

405 3804 436 3849 n⁰
456 3794 531 3857 allo,
554 3809 580 3858 p.
601 3792 669 3857 863),
692 3794 739 3849 ubi
759 3794 936 3849 concluditur
957 3797 1045 3857 lertio,
1064 3794 1368 3859 omninooanerotitar,
1386 3793 1505 3849 exiliis

404 3876 523 3933 decretis
534 3891 590 3932 non
602 3875 798 3942 distinguendo
810 3877 883 3933 iuter
895 3876 995 3931 bonam
1005 3880 1034 3932 et
1045 3876 1142 3933 malam
1153 3876 1237 3931 tidem
1255 3893 1262 3931 ε
1280 3875 1505 3932 «deficientibus

405 3958 469 4015 licet
480 3958 541 4015 aliis
559 3958 730 4025 quibuslibet
747 3959 868 4015 titulis...
890 3973 976 4014 unum
994 3972 1105 4025 quoque
1123 3959 1192 4024 legis
1208 3958 1297 4014 ciuilis
1313 3958 1427 4013 titulum
1442 3972 1495 4014 ceu

398 4042 585 4099 sufficientem
598 4042 625 4096 in
639 4042 715 4106 praxi
728 4041 824 4097 baberi
836 4055 948 4107 posse...
956 4040 1045 4097 donec
1055 4042 1180 4107 quaestio
1192 4041 1259 4096 baec
1267 4039 1420 4106 subjudice
1431 4054 1499 4107 pen-

404 4123 475 4190 deat,
484 4126 567 4181 necS.
577 4125 658 4181 Sedes
670 4123 1047 4192 expliciteipsamdelinierit.
1055 4123 1116 4179 »ct
1126 4125 1154 4179 in
1163 4124 1281 4180 eundem
1289 4138 1401 4180 sensum
1408 4130 1505 4198 posim

404 4209 488 4261 mlum
507 4207 706 4273 archiepiscopi
718 4206 883 4274 ilydruulini
895 4205 928 4261 ad
941 4220 1018 4262 conc.
1031 4207 1115 4263 Valle.
1129 4208 1210 4271 (solt.
1224 4208 1300 4271 dac,
1313 4207 1367 4271 vlt,
1385 4221 1411 4273 p.
1423 4205 1497 4270 tot).
