3242 4959
440 449 504 495 dtr.
528 450 549 495 l.
573 449 704 497 HISTORIA
726 449 922 503 QUAESTIONIS.
1184 431 1227 496 59

122 628 199 677 esse
220 610 373 677 undenam
400 610 566 674 ultimatim
592 611 794 691 «capitalis»
819 612 1048 692 productivitas,
1071 630 1164 693 quarn
1185 614 1226 679 de

121 710 212 775 facto
227 709 289 775 rita
301 710 489 775 oeconomica
500 710 629 790 probare
641 709 810 786 videbatur,
825 718 925 775 ortum
937 711 1059 775 duceret
1077 727 1221 792 :nempe

121 817 163 871 ut
190 807 291 872 verbis
318 816 440 871 utamur
465 810 502 871 u.
531 824 590 871 von
615 806 854 871 Bitiam-Bauerk
879 826 886 871 :
915 809 1143 889 ‹Gegenstaud
1169 809 1226 873 der

122 908 302 987 Erldiiruug
317 908 358 970 ist
373 906 422 971 die
437 906 616 982 Thatsache‚
638 906 710 969 dass
729 906 778 971 hei
800 906 996 987 produktiver
1010 909 1225 989 Verwondung

122 1024 191 1073 von
205 1007 322 1087 Capital
339 1008 371 1069 in
387 1006 446 1069 den
466 1006 594 1070 Hinden
616 1006 670 1069 des
689 1006 928 1071 Unternelrmers
949 1008 1148 1089 regelmissig
1171 1008 1222 1073 eiu

123 1106 184 1171 der
209 1106 319 1170 Gr'dsse
346 1105 400 1169 des
424 1104 637 1169 verwendeten
662 1104 815 1185 capitales
840 1103 1084 1186 proportionaler
1107 1108 1220 1173 Ueber·

125 1204 240 1269 schuss
255 1203 475 1278 zurlrelrhleiitt,
489 1203 543 1268 der
558 1202 694 1267 dadurch
705 1203 870 1266 vermittelt
881 1204 970 1272 wind.
985 1205 1056 1268 dass
1072 1205 1222 1270 derWert

126 1304 255 1367 dormit
277 1303 358 1367 Hille
374 1319 432 1366 von
451 1303 567 1382 Capitol
588 1311 750 1381 erzeugten
765 1302 859 1365 Giiter
878 1304 1079 1384 regelmissig
1099 1304 1224 1384 grosser

126 1402 169 1465 ist
191 1402 237 1465 als
259 1401 312 1464 der
336 1402 421 1464 Wcrt
442 1400 495 1464 der
520 1400 553 1463 in
578 1401 665 1463 ihren
688 1401 869 1481 Erzeugung
893 1402 1069 1464 verzehrten
1086 1404 1220 1475 iiosten-

126 1499 246 1579 giiter»
272 1500 318 1575 (a).
342 1498 549 1572 Quaerebatur
574 1497 702 1577 proinde
723 1497 846 1561 cuinam
869 1498 918 1561 iric
939 1499 1024 1561 valor
1044 1515 1243 1566 accrescens,

127 1597 353 1675 (meerweerde,
371 1598 552 1677 plusvalue
567 1597 739 1672 Mehruert,
757 1595 925 1659 additional
942 1597 1039 1673 value)
1053 1598 1221 1676 exjustitia

127 1699 298 1777 competat?
313 1706 340 1759 et
357 1697 382 1758 si
399 1696 491 1759 sortis
506 1694 718 1775 proprietario,
734 1710 868 1773 quonam
882 1695 1005 1758 tandem
1020 1695 1222 1778 fundamento

124 1797 177 1875 J'us
192 1796 278 1859 illius
293 1795 426 1858 nitatur?

170 1896 247 1959 Cum
269 1894 473 1959 oeconomicae
494 1893 638 1957 scientiae
660 1908 714 1973 per
733 1893 889 1955 saeculum
911 1894 983 1955 xlx
1001 1904 1139 1969 conatus,
1163 1911 1220 1975 pro

128 2001 208 2056 statu
224 1993 413 2073 quaestionis
428 1991 587 2057 hodierno.
612 1991 736 2053 maximi
763 1992 826 2053 sint
848 1991 1007 2066 momenti,
1036 1992 1125 2055 liceat
1151 1993 1219 2057 lreic

129 2092 261 2155 breviter
273 2091 372 2155 varias
384 2092 550 2155 sententias
563 2097 592 2153 et
604 2090 822 2169 explicationes
833 2090 996 2164 delineare,
1011 2107 1089 2170 quae
1103 2092 1220 2157 oriente

129 2192 250 2257 saeculo
262 2190 435 2271 propositae
447 2199 518 2253 sunt
529 2196 557 2252 et
567 2189 673 2252 eodem
686 2189 864 2253 decurrente
876 2189 1065 2267 evolutaelal.
1078 2191 1215 2271 insuper,

128 2308 164 2353 ne
188 2306 335 2370 cogamur
356 2297 460 2370 postea
481 2289 586 2352 cadem
610 2299 754 2368 repetere,
781 2288 870 2351 liceat
895 2289 974 2359 heic,
999 2290 1138 2368 quamvis
1163 2308 1220 2371 per

128 2390 408 2463 anachronismum,
436 2388 574 2468 singulae
600 2388 767 2451 sententiae
793 2388 973 2467 praecipuos
998 2397 1137 2454 auctores
1161 2406 1216 2469 pa·

128 2497 231 2551 tronos
247 2504 343 2567 usque
359 2487 397 2551 ad
413 2496 515 2551 nostra
529 2494 665 2565 tempora
680 2496 851 2549 annectere.
942 2557 945 2563 ¹

165 2867 263 2930 Primi
286 2868 337 2947 qui
361 2869 440 2931 hane
461 2868 620 2931 scientiam
642 2869 799 2932 coluerunt
821 2886 857 2931 ex
878 2868 1028 2948 professo,
1052 2876 1085 2930 ut
1099 2870 1216 2948 Turget

125 2965 272 3037 indallia
288 2974 316 3028 et
331 2966 429 3029 Adam
450 2967 549 3029 Smitir
570 2968 601 3029 in
622 2967 745 3046 Augila,
764 2968 953 3047 superiorem
968 2967 1050 3029 hunc
1064 2966 1212 3041 valorem,

125 3080 189 3140 seu,
207 3080 279 3127 voce
301 3065 333 3126 in
354 3082 446 3127 sensu
469 3066 592 3146 proprio
611 3064 759 3140 adhibita,
776 3066 834 3128 hoc
852 3064 1077 3127 tannetarium»
1095 3064 1211 3144 capita-

124 3162 211 3225 listae
234 3163 417 3241 tribuerant;
439 3164 523 3227 aliud
546 3173 646 3226 tamen
668 3164 901 3227 lundamentum
930 3180 992 3226 non
1020 3163 1211 3239 invenerant,

156 3361 190 3424 (l)
208 3360 245 3418 dl.
259 3376 300 3426 op.
314 3376 347 3424 c..
361 3363 380 3424 l,
395 3376 422 3426 p.
434 3360 477 3417 90.

154 3446 189 3507 (tl
206 3444 245 3500 Ad
258 3445 328 3499 hanc
345 3444 557 3510 descriptionem
575 3443 734 3509 faciendam,
748 3445 912 3511 plerumoue
929 3446 1073 3511 sequimur
1090 3445 1212 3509 primum

121 3528 250 3583 volumen
262 3528 363 3593 operis,
378 3528 494 3581 maxima
506 3527 608 3583 laboris
619 3542 725 3583 summa
736 3527 852 3583 conlecti
865 3541 880 3582 a
893 3530 923 3583 lt.
936 3542 991 3583 vou
1001 3527 1212 3583 lidan-Bawrrarr

122 3608 292 3672 (Gcoolttotte
313 3612 368 3661 und
390 3610 484 3661 Krltit
507 3612 557 3662 der
581 3610 875 3674 Capitatetnstteort'en.
899 3610 1060 3673 lnnsbruck,
1082 3610 1207 3674 Wagner,

122 3689 204 3753 1900).
219 3690 267 3745 Cui
279 3690 403 3756 quamvis
415 3703 495 3755 saepe
507 3690 664 3745 nullatenus
675 3690 857 3745 assentiamur
869 3691 958 3757 quoad
971 3690 1116 3756 periodum
1133 3704 1208 3756 prae·

123 3773 273 3832 cedentem,
286 3786 337 3827 neo
348 3772 492 3827 omni-suit
510 3778 634 3839 respectu
654 3773 743 3840 quoad
755 3773 890 3839 judicium
902 3774 936 3828 ab
948 3774 1008 3839 ipso
1019 3773 1054 3829 de
1066 3773 1211 3829 sententiis

124 3855 299 3911 oeoonomicis
317 3854 419 3909 saeculi
431 3855 487 3910 liiii
499 3854 594 3920 latum,
607 3858 724 3911 attamen
738 3856 858 3921 primum
870 3855 947 3911 laeile
959 3856 1065 3911 obtinet
1075 3856 1167 3910 loeum
1179 3855 1209 3910 in

124 3936 316 4003 systematibus
327 3936 479 3992 secundum
491 3950 590 4002 genera
608 3940 636 3992 et
653 3939 757 4003 species
769 3938 974 4003 componendis.
988 3939 1080 4003 ipsum
1092 3936 1211 4002 proinde

124 4018 218 4075 adeant
231 4020 279 4085 oui
292 4033 373 4085 opera
390 4022 419 4075 et
435 4019 586 4074 doctrinam
598 4023 742 4075 auctorum
754 4019 816 4075 heic
827 4021 973 4075 citatorum
984 4019 1083 4075 melius
1094 4033 1208 4085 eognos-

124 4113 183 4155 cerc
193 4102 303 4157 vellent.
316 4129 350 4139 —
362 4102 488 4157 Doctrina
501 4102 710 4167 praecipuorum
727 4106 871 4158 auctorum
888 4102 1002 4167 reperiri
1020 4103 1110 4166 potest
1125 4102 1208 4157 etiam

124 4184 192 4247 apud
204 4185 217 4241 J
221 4226 227 4239 .
240 4185 383 4249 Rauenna,
398 4186 519 4239 Histoire
531 4188 576 4238 dee
588 4188 720 4238 doctrines
732 4186 923 4250 economr'pum,
937 4184 1005 4239 livre
1015 4187 1047 4239 ll.
