3242 4959
415 439 455 503 58
865 454 937 500 rans
958 455 1056 500 emon.

414 619 496 682 tione
510 618 773 700 distinguendum,
791 617 832 680 ita
853 625 886 679 ut
907 616 1008 680 foenus
1029 633 1090 696 qua
1111 617 1243 697 pretium
1265 631 1339 679 usus
1358 614 1512 695 pecuniae

414 716 446 779 in
462 734 494 781 se
509 718 550 780 sit
565 718 695 781 licitum.
716 716 803 781 Unde
819 714 942 779 tandem
957 716 1095 780 novellae
1110 716 1245 779 theoriae
1265 716 1299 777 in
1319 715 1400 777 hanc
1421 715 1511 777 solu-

415 816 529 879 tionem
550 816 724 891 deveninnt,
742 815 873 895 pecunia
887 814 989 877 ioenus
1003 815 1169 878 mutuatori
1184 813 1312 895 produci
1333 813 1403 876 ideo
1425 812 1511 893 quod

415 918 455 981 sit
473 918 648 997 fructifero,
672 918 703 981 id
726 928 782 993 est,
808 918 950 997 loquente
971 918 1070 982 Adam
1092 919 1193 981 Smith
1218 935 1225 981 :
1250 934 1313 980 «as
1333 916 1510 998 something

413 1032 469 1080 can
484 1016 675 1095 everywhere
691 1017 727 1080 be
743 1014 833 1086 made
848 1015 886 1094 by
901 1017 951 1079 the
966 1032 1021 1079 use
1035 1016 1069 1079 oi
1083 1032 1203 1096 money,
1220 1016 1395 1096 something
1412 1016 1518 1096 ought

413 1116 602 1194 everywhere
624 1124 654 1178 to
676 1116 712 1179 be
735 1110 806 1196 paid
829 1114 877 1179 lor
897 1116 947 1179 the
970 1132 1025 1179 use
1045 1115 1079 1179 oi
1099 1116 1164 1178 it».
1190 1116 1273 1190 Quae
1298 1116 1390 1178 verba
1415 1116 1509 1179 modo

414 1213 558 1293 loquendi
586 1215 734 1278 hodierno
760 1232 777 1277 a
804 1216 841 1277 b.
870 1231 928 1278 ron
956 1214 1197 1277 Bbbm·Bawerl
1222 1215 1266 1277 ita
1291 1214 1506 1277 exhibentur:

417 1314 487 1377 «Es
501 1315 566 1394 gibt
581 1314 669 1377 einen
682 1312 840 1389 Leibzins,
857 1314 925 1377 weil
942 1330 975 1377 es
990 1314 1080 1377 einen
1095 1312 1353 1394 ursprdnylioben
1367 1313 1507 1394 Capitol·

413 1412 483 1475 zt'ar
497 1413 563 1494 gibt
578 1437 591 1469 ι
610 1416 654 1489 (a).
673 1414 738 1476 Hoc
752 1429 825 1493 ergo
841 1413 997 1476 doctrinae
1012 1421 1159 1491 punctum
1174 1420 1244 1492 post
1259 1412 1383 1491 longam
1401 1412 1507 1493 dispu-

414 1513 560 1575 tationem
577 1511 771 1575 statuendum
791 1511 952 1574 ridebatur
969 1528 976 1573 :
995 1512 1166 1591 pecuniam,
1188 1511 1288 1590 onoad
1305 1511 1423 1574 lucrum
1438 1527 1507 1574 mu·

413 1609 525 1673 tuatori
552 1609 794 1689 producendum,
822 1608 929 1671 eadem
956 1625 1015 1688 qua
1032 1617 1171 1671 naturam
1187 1609 1297 1671 virtute
1311 1609 1455 1685 gaudere,
1471 1625 1507 1672 ac

414 1710 503 1789 proin
527 1708 606 1771 idern
629 1709 666 1771 de
687 1718 792 1771 mutuo
813 1708 895 1787 quod
911 1708 947 1771 de
963 1724 1055 1771 censu
1071 1725 1139 1771 esse
1153 1708 1328 1785 dicendum;
1360 1708 1504 1788 quemad·

415 1808 540 1871 modurn
554 1808 671 1871 scilicet
684 1824 830 1871 censuum
847 1815 966 1886 emptor
978 1806 1029 1884 y'us
1044 1807 1135 1870 habet
1157 1808 1189 1869 in
1211 1807 1328 1870 fructus
1348 1808 1505 1871 censuales

415 1906 484 1969 ideo
507 1905 642 1985 praecise
669 1906 740 1984 onia
762 1922 779 1966 a
802 1915 909 1967 natura
932 1905 1152 1984 producuntur,
1177 1906 1219 1967 ita
1241 1906 1332 1967 etiam
1354 1915 1505 1969 mutuator

416 2004 506 2084 pleno
522 2004 554 2065 in
570 2001 670 2065 ioenus
682 2004 749 2081 y'ure
765 2001 886 2076 fruitur,
902 2003 973 2081 qtria
992 2002 1093 2065 loenus
1109 2009 1245 2065 mutuata
1260 2003 1400 2081 pecunia,
1418 2019 1504 2066 nsum

416 2102 599 2183 frugiferum
614 2103 755 2176 habente,
774 2109 882 2182 sponte
896 2101 1002 2164 lertnr.

457 2203 503 2265 lin
519 2201 643 2264 modurn
662 2217 725 2263 rem
743 2200 934 2279 concipiendi
950 2200 1088 2263 omniurn
1104 2200 1227 2263 illorum
1247 2200 1298 2279 qui
1321 2200 1451 2264 eandem
1471 2217 1506 2264 ac

381 2285 382 2288 ¹
414 2300 584 2363 Molinaeus
605 2308 635 2361 et
656 2299 826 2362 Salmasius
848 2298 1030 2361 sententiam
1053 2308 1296 2379 propugnarunt,
1321 2315 1382 2361 non
1405 2299 1504 2362 solum

416 2398 685 2463 oeconomistarum
711 2405 929 2465 antecessores,
964 2406 998 2458 ut
1023 2397 1130 2472 horle,
1158 2400 1241 2472 Lau,
1270 2398 1378 2474 Hume‚
1404 2399 1505 2461 lames

417 2499 548 2573 Stenart,
565 2498 654 2572 lusti,
673 2497 916 2573 Sonneniels(2)‚
938 2496 991 2559 sed
1014 2496 1105 2558 etiam
1127 2497 1259 2577 theologi
1284 2507 1314 2560 et
1331 2497 1510 2560 canonistae-

417 2598 569 2674 catholici,
589 2598 775 2661 Broedersen
790 2614 826 2659 ac
840 2598 938 2660 hindei
960 2605 1131 2676 sequentes.
1150 2597 1209 2659 Sed
1229 2597 1267 2660 ad
1286 2597 1433 2677 pecuniae
1449 2598 1463 2661 f
1492 2630 1504 2643 ·

416 2697 602 2761 moditatem
624 2696 856 2772 admittendam,
880 2696 1033 2777 imprimis
1048 2696 1222 2759 nitebantur
1243 2696 1323 2759 iacto
1348 2697 1401 2759 illo
1424 2713 1505 2761 oeco·

416 2795 548 2869 nomino,
563 2796 644 2874 qnod
660 2796 790 2874 pecunia
809 2804 927 2857 utentes
946 2795 1064 2857 lucrum
1083 2810 1187 2856 revera
1201 2794 1348 2858 obtinent.
1363 2794 1508 2858 Nondum-

417 2901 518 2955 autem
531 2894 663 2956 rationes
676 2894 800 2955 altiores
812 2905 841 2956 et
852 2894 1035 2955 intrinsecas
1046 2892 1170 2955 scrutati
1183 2901 1269 2955 erant
1280 2902 1332 2955 aut
1343 2908 1504 2972 perspexe-

417 2999 504 3054 rant:
519 2992 656 3071 quaestio
667 2993 748 3054 enim
762 2991 899 3054 nondum
911 2989 1089 3053 movebatur
1100 3006 1138 3051 an
1151 3006 1247 3069 quove
1259 2990 1350 3053 modo
1363 2990 1502 3071 pecnnia,

417 3105 479 3152 non
494 3098 612 3151 tanturn
628 3088 781 3162 creditori,
798 3087 852 3150 sed
868 3088 928 3167 ipsi
943 3086 1100 3150 adhibenti
1116 3086 1157 3148 sit
1172 3085 1328 3167 frugifera.

461 3189 506 3253 Ad
531 3190 610 3252 hanc
635 3188 770 3267 praecise
799 3187 1008 3266 quaestionem
1038 3186 1215 3248 solvendam
1244 3203 1310 3249 sese
1335 3187 1504 3250 accinxerat
1602 3261 1603 3278 χ

418 3304 496 3351 nova
518 3288 703 3350 oeconomica
724 3286 862 3349 scientia.
888 3288 1002 3364 ltaque,
1023 3287 1086 3365 jam
1108 3294 1193 3347 entra
1214 3285 1350 3361 dubium·
1363 3293 1504 3366 posuerat
1602 3289 1603 3304 ³

418 3403 519 3461 omne,
537 3394 661 3461 sortem,
679 3386 703 3448 si
721 3386 904 3448 mutuatario
919 3385 1036 3449 lrnctus
1056 3384 1171 3456 alferat,
1193 3401 1226 3446 eo
1244 3385 1311 3465 ipso
1327 3386 1421 3447 etiam
1435 3402 1501 3445 mn·
1602 3429 1603 3432 ,

418 3484 535 3546 tentori
557 3483 624 3562 y'ure
650 3492 678 3546 et
705 3484 812 3546 merito
829 3483 985 3565 prodesse.
1003 3485 1079 3547 Cum
1101 3491 1213 3558 antem,
1239 3484 1323 3562 juata
1347 3484 1508 3563 theologos·
1602 3537 1603 3542 ,

417 3586 578 3664 plerosque
593 3582 770 3658 catholicos,
788 3582 866 3646 illud
885 3583 985 3663 ipsum
1001 3591 1151 3645 assertum
1166 3582 1198 3644 in
1214 3582 1419 3645 controversia
1437 3598 1501 3644 ver·
1602 3617 1603 3642 t

417 3691 545 3757 seretur,
563 3691 645 3763 patet
660 3683 758 3762 ipsam
775 3683 984 3761 quaestionem
1000 3682 1144 3761 deinceps
1165 3682 1253 3745 aliter
1271 3684 1360 3746 statui
1382 3698 1500 3747 cecono·
1602 3701 1603 3718 ¹

417 3784 528 3860 mistis,
546 3784 635 3847 aliter
650 3783 811 3861 theologis,

458 3883 614 3963 imprimis
644 3883 677 3944 in
703 3883 760 3945 hoc
786 3883 1015 3946 consentiebant
1037 3882 1264 3958 oeeonomistae,
1288 3882 1502 3962 explicandum
1602 3885 1603 3898 ¹

448 4106 482 4169 (l)
499 4106 536 4162 ct.
551 4122 592 4171 op.
605 4121 640 4167 c..
653 4108 673 4170 l,
689 4122 714 4171 p.
729 4106 770 4162 (ii.

449 4188 482 4251 (b)
499 4188 536 4244 ol.
549 4190 596 4254 ila,
610 4204 636 4255 p.
650 4188 693 4253 ta,
706 4188 748 4253 54,
763 4186 805 4253 68,
819 4191 847 4243 el
858 4188 968 4253 passim.
