3242 4959
358 502 422 547 cnl‘.
440 503 461 547 l.
480 499 624 546 rumetum
639 497 788 545 scienciae
802 496 1007 544 OECONOMICAE.
1169 471 1229 544 123

177 666 223 730 lix
238 665 351 746 quibus
366 664 509 729 omnibus
524 671 618 744 patet,
635 663 694 726 hoc
709 671 840 742 systema
856 666 984 731 eandem
1004 674 1107 731 notam
1123 679 1227 728 esseu-

125 767 242 830 tialem
253 765 374 846 capitali
384 764 530 827 moderno
539 763 664 827 delacto
675 764 831 844 imponere
843 782 934 846 quam
947 783 1039 848 supra
1052 765 1225 830 statuimus.

130 865 352 927 Verumtamen
377 864 455 926 lianc
477 870 591 931 notam.
620 862 711 924 simul
739 879 808 926 cum
835 865 998 946 principio,
1026 883 1044 929 a
1069 862 1228 927 nonnullis

124 963 227 1026 etiam
249 962 446 1025 classicanum
467 961 654 1023 theoriarum
678 961 817 1040 patronis
838 971 1041 1046 propugnato,
1068 963 1105 1026 de
1125 962 1227 1024 valore

130 1061 234 1125 solius
254 1060 380 1123 humani
397 1060 523 1136 laboris,
542 1058 600 1122 sibi
617 1060 800 1139 assumpsit;
819 1061 930 1140 quibus
950 1062 1069 1126 duobus
1091 1061 1226 1126 arioma-

128 1159 218 1223 tibus
239 1159 451 1222 conclusiones
469 1157 611 1220 iuudaret
633 1157 668 1218 ia
682 1158 818 1236 qratiam
834 1157 1041 1222 laborantium
1058 1183 1067 1220 :
1084 1159 1223 1239 capitale,

130 1268 225 1340 prout
239 1258 369 1336 defucto
384 1258 513 1320 liabetur
532 1255 723 1336 capitalistae
745 1256 940 1336 frugiferum.
959 1259 1107 1338 injustitia
1130 1259 1223 1333 inlici,

125 1357 264 1436 ideoque
279 1356 409 1436 capitale
424 1354 647 1418 excludendum
668 1372 746 1430 esse,
764 1371 826 1418 uon
841 1356 964 1434 quidem
981 1373 997 1419 a
1013 1357 1223 1437 productione,
1294 1380 1296 1388 ’

131 1471 240 1518 verum
255 1471 273 1516 a
289 1454 427 1516 valorum
442 1452 669 1515 distributione.

556 1648 803 1657 *—

174 1789 331 1852 Praesenti
348 1789 481 1852 sectione
496 1790 653 1867 hucusque
672 1788 889 1866 inquisivimus
911 1803 1062 1866 quaenam
1084 1803 1138 1867 per
1157 1802 1223 1852 mo·

124 1886 260 1950 demam
275 1887 435 1950 scientiam
456 1887 494 1967 de
516 1888 633 1950 ratione
656 1903 691 1949 ac
713 1897 821 1950 natura
839 1886 981 1966 capitalis
996 1893 1177 1960 statuantur,
1196 1896 1226 1949 et

130 1987 232 2066 primo
259 1985 383 2065 quidem
408 2002 559 2065 quaenam
582 1987 622 2048 sit
646 1985 782 2063 ejusdem
808 1994 877 2048 nuta
904 1985 1087 2058 essentialis,
1115 1984 1224 2048 deinde

129 2101 267 2164 quonam
289 2085 373 2148 vario
397 2085 487 2148 modo
512 2094 584 2149 nota
607 2086 682 2148 ltaec
705 2085 878 2148 essentialis
904 2085 998 2147 variis
1024 2085 1161 2159 theoriis
1185 2084 1223 2147 ad

125 2182 245 2263 duplex
261 2201 357 2263 genus
372 2183 566 2257 reducendis,
584 2183 812 2246 determinetur.

174 2283 269 2344 Porro
285 2299 321 2344 ex
337 2282 468 2345 breviori
483 2282 542 2344 hoc
557 2289 719 2360 conspectu
736 2282 810 2343 haec
826 2280 966 2344 videntur
981 2279 1099 2342 elucere
1117 2297 1124 2342 :

173 2381 206 2442 l⁰
228 2381 360 2443 Scieutia
390 2379 536 2442 moderna
565 2380 685 2453 statuit,
717 2379 763 2441 vel
794 2379 897 2458 potius
926 2377 1145 2458 praesupponit
1173 2393 1222 2440 res

129 2480 269 2542 valorum
289 2480 482 2560 productioni
503 2479 550 2542 vel
565 2479 762 2542 'circulationi
786 2479 929 2542 subactas
950 2495 985 2540 ac
1006 2486 1222 2541 concurrentes

122 2595 251 2659 semper
275 2581 376 2642 valore
401 2595 546 2653 crescere,
570 2595 605 2642 ac
628 2594 736 2658 perse
759 2579 945 2641 incremento
969 2577 1085 2656 augeri.
1104 2577 1137 2638 ln
1160 2592 1220 2655 quo

128 2676 335 2755 phoenomena
361 2678 440 2741 vitae
469 2677 675 2740 oeconomicae
705 2676 904 2748 admittendo,
934 2691 1039 2738 omnes
1069 2675 1148 2736 inter
1174 2690 1217 2748 se,

121 2775 222 2838 etiam
238 2777 413 2840 socialismo
428 2776 576 2851 faventes,
594 2776 803 2838 conveniunt:
822 2775 949 2855 proinde
966 2775 996 2836 in
1018 2773 1125 2837 eodem
1146 2773 1219 2836 ulti·

128 2889 214 2936 marn
228 2873 363 2937 radicem
379 2883 544 2953 conceptus
558 2873 697 2936 moderni
712 2873 854 2953 capitalis
869 2872 1041 2952 ponendam
1062 2871 1216 2935 duximus.

170 2972 203 3034 2⁰
218 2974 356 3053 insuper,
371 2975 403 3035 in
415 2974 473 3036 hoc
487 2973 671 3036 conveniunt
686 2987 803 3046 omues,
818 2971 987 3034 auctarium
1001 2971 1122 3047 valoris,
1137 2971 1218 3051 quod

127 3079 214 3133 motu
239 3073 427 3134 <oeconomico
454 3071 517 3134 sive
546 3070 755 3151 productionis
783 3069 848 3133 sive
879 3070 1087 3133 circulationis
1116 3085 1218 3133 rerum

114 3178 301 3249 generatur,
320 3170 356 3233 da
369 3171 450 3249 sacto
464 3172 496 3232 in
512 3171 655 3234 societate
669 3170 815 3233 moderna
831 3168 1018 3249 capitalistae
1034 3169 1174 3244 attribui;

127 3417 223 3472 travail
240 3420 268 3472 et
283 3417 333 3472 des
348 3419 464 3471 adlatret
476 3416 511 3473 de
522 3417 626 3481 travail,
640 3417 708 3472 dans
726 3431 757 3472 ce
775 3417 843 3482 petit
861 3417 898 3482 pli
918 3431 973 3484 que
989 3431 1058 3474 vous
1073 3416 1180 3474 ecrasez
1192 3419 1216 3474 si

127 3497 311 3562 lourdemeut,
329 3512 359 3553 se
377 3501 475 3554 trouve
493 3512 611 3565 presque
628 3501 706 3554 toute
724 3498 883 3555 l'dconomie
901 3499 1043 3566 potitique,
1060 3501 1087 3554 et
1105 3501 1216 3556 surtout

124 3583 189 3636 tout
200 3579 318 3636 l'interdt
336 3585 363 3636 et
381 3583 443 3636 tout
455 3581 481 3636 le
493 3581 575 3646 profit
587 3580 636 3636 des
647 3581 823 3647 capitalistes.
834 3596 850 3626 a
862 3579 908 3644 (Gi.
924 3582 954 3636 ll.
968 3582 1112 3645 Savarias,
1125 3596 1167 3646 ap.
1180 3595 1213 3644 a..

160 3747 234 3812 Quae
252 3747 286 3803 de
304 3747 485 3814 productione
505 3748 668 3811 notavimus,
688 3748 783 3804 eadem
801 3748 918 3804 notanda
937 3749 1027 3804 essent
1048 3747 1081 3803 de
1101 3746 1214 3802 circula-

121 3828 202 3883 tione
223 3848 231 3883 :
253 3842 323 3894 quae
343 3829 366 3884 si
386 3828 420 3883 ad
440 3827 556 3884 formam
576 3830 728 3894 simplicem
749 3829 900 3893 reducitur,
923 3830 977 3885 huc
995 3828 1074 3890 redit.
1093 3833 1124 3884 ut
1144 3841 1215 3894 quae

123 3911 243 3967 minoris
262 3911 393 3976 meoniae
415 3914 551 3975 emuntur,
570 3911 682 3977 majoris
698 3912 861 3968 venduntur.
881 3914 910 3967 ll.
925 3913 997 3968 llarx
1016 3912 1068 3968 ltoc
1086 3910 1215 3976 exprimit

127 3989 266 4048 formula:
285 3992 469 4056 d-ll-d';
490 3991 518 4047 id
534 3994 576 4048 est
594 3994 614 4047 l
632 3993 757 4058 designat
774 3995 919 4060 pecuniam
936 3996 999 4048 ante
1017 3992 1213 4058 operationem,

126 4074 298 4139 limercem
317 4077 345 4128 d'
365 4075 510 4141 pecuniam
528 4078 590 4140 post
608 4075 837 4131 commutationes
855 4094 861 4130 :
882 4090 975 4141 porro.
994 4075 1022 4130 d'
1037 4095 1069 4114 =
1081 4075 1101 4128 Α
1113 4071 1145 4138 l·
1157 4075 1212 4139 ΔΑ;

122 4150 225 4224 nempe
237 4157 346 4212 lucrum
357 4155 432 4222 quod
445 4155 625 4212 circulatione
643 4157 675 4213 dt
692 4157 752 4219 (ΔΑ)
769 4158 851 4223 plene
862 4157 991 4214 adhaeret
1002 4157 1133 4224 pecuniae
1144 4170 1215 4224 quae

123 4236 163 4293 ita
174 4239 283 4295 crescit
