3242 4959
348 444 473 520 ‚188
625 495 659 504 ..
780 455 1123 506 eminerammi.

409 631 548 693 nostrum
562 645 625 692 non
638 628 781 710 pertinet,
797 627 927 707 ideoque
948 625 1041 706 plana
1058 623 1122 708 iam
1142 627 1225 703 patet
1246 621 1298 684 ria
1319 635 1380 700 qua
1398 617 1489 699 ipsam

406 726 550 808 capitalis
562 726 712 791 rationem
727 742 763 790 ac
777 732 922 790 naturam·
931 723 1018 803 juxta
1032 721 1160 786 eandem
1175 718 1338 784 scientiam
1359 714 1490 780 scolasti-

405 841 478 891 ram
491 826 645 907 inquirere
657 826 825 907 possimus.

812 1051 1033 1118 turturibus
1055 1053 1093 1117 ll.

696 1231 743 1280 DE
764 1231 964 1282 ElAEssNTIS
985 1233 1210 1299 rnuutrmms.

413 1465 417 1472 ,
452 1388 670 1470 inquirendum
685 1388 753 1454 heic
768 1398 867 1453 estam
883 1389 1019 1470 qualisve
1034 1390 1204 1454 inscientia
1220 1390 1384 1455 scolastica
1395 1403 1492 1452 occur·

405 1494 457 1550 rat
481 1494 645 1568 conceptus
669 1486 824 1568 capitalis,
849 1502 998 1568 quaenam
1020 1486 1240 1568 productivitas
1260 1494 1445 1568 agnoscatur
1463 1501 1494 1548 ac

403 1584 593 1666 quibusnam
607 1586 766 1649 elementis
781 1586 969 1666 imponatur.
985 1587 1133 1668 Apprime
1148 1598 1249 1651 autem
1268 1585 1440 1650 notandum
1454 1591 1495 1646 est

407 1700 467 1748 uos
480 1683 704 1765 praescindere,
721 1691 823 1748 utrum
839 1700 888 1748 res
910 1685 969 1765 ipsi
985 1686 1121 1750 societati
1138 1704 1251 1749 nouum
1271 1685 1409 1748 valorem
1429 1699 1494 1764 pro-

404 1782 511 1858 ducat,
526 1799 566 1846 an
581 1790 698 1846 tantum
716 1782 874 1846 individuo
896 1784 939 1847 rei
956 1784 1080 1848 domino
1099 1803 1107 1847 :
1124 1802 1216 1865 supra
1232 1801 1345 1866 nempe
1367 1783 1495 1848 diximus

408 1880 573 1944 hodiernos
587 1881 812 1955 oeconomistas,
830 1881 867 1945 de
888 1882 1028 1964 capitalis
1047 1882 1244 1946 foecunditate
1266 1890 1405 1964 agentes,
1423 1881 1496 1943 inter

405 1978 545 2058 eiusdem
556 1979 819 2060 productivitatern
831 1979 1014 2057 absolutam,
1028 1998 1088 2061 qua
1100 1982 1194 2046 totius
1205 1981 1361 2046 societatis
1377 1979 1496 2045 divitiae

410 2089 588 2158 augeantur,
611 2087 641 2142 et
666 2079 834 2154 relativam,
851 2095 912 2159 qua
934 2079 1050 2144 domini
1072 2081 1170 2162 ipsius
1185 2081 1265 2144 bona
1286 2088 1436 2155 crescant,
1459 2079 1497 2140 ita

406 2176 544 2241 studiose
569 2177 767 2258 distinguere,
795 2187 829 2240 ut
857 2177 958 2252 multi,
987 2179 1162 2243 socialismo
1191 2179 1339 2254 faventes,
1368 2179 1496 2259 primam

409 2276 571 2341 admittant
585 2286 614 2340 et
629 2276 754 2340 alteram
769 2284 891 2357 negent.
909 2277 984 2341 curn
1000 2294 1070 2342 vero
1090 2278 1243 2342 scolastici
1268 2278 1407 2342 unanimi
1427 2292 1497 2340 con-

405 2392 501 2440 sensu
524 2376 574 2454 Jus
598 2376 793 2456 proprietatis
820 2376 953 2456 privatae
977 2377 1149 2452 admittant,
1181 2378 1263 2458 quod
1289 2388 1319 2442 et
1348 2394 1405 2441 nos
1432 2375 1498 2439 heic
1588 2369 1589 2374 ’

408 2475 697 2558 praesupponimus,
718 2484 748 2537 et
772 2491 842 2538 cum
864 2476 897 2538 in
922 2478 1074 2556 praesenti
1101 2478 1278 2557 quaestione
1305 2485 1414 2558 agatur
1439 2491 1498 2538 nou

409 2573 561 2656 quomodo
577 2573 706 2636 societas
722 2573 780 2636 sibi
797 2589 893 2637 novos
908 2575 1025 2639 valeres
1040 2576 1206 2655 producere
1222 2576 1331 2656 possit,
1348 2574 1403 2638 sed
1425 2589 1499 2654 quo·

408 2672 501 2736 modo
523 2671 639 2752 uliquis
660 2672 695 2733 in
717 2671 879 2734 indiuiduo
901 2673 960 2736 sibi
982 2690 1018 2736 er
1040 2674 1161 2753 capitali
1186 2667 1307 2738 lucrum
1328 2673 1499 2754 legitimum

405 2773 557 2853 acquirat,
585 2770 766 2852 intelligitur
789 2772 859 2835 bele
884 2772 1104 2852 productivitas
1124 2774 1266 2854 capitalis
1291 2789 1353 2837 non
1377 2771 1499 2835 socialis

406 2871 463 2936 sed
478 2871 601 2952 privati.

451 2970 578 3050 lnsuper
592 2969 835 3049 praenotandum
850 2977 896 3032 est
911 2985 969 3034 nos
992 2971 1201 3050 quaestionem
1224 2970 1261 3033 de
1283 2969 1425 3049 capitalis
1446 2981 1500 3048 per

407 3067 541 3131 lledium
554 3083 661 3131 aevum
673 3065 872 3130 iucunditate
889 3068 1064 3130 nullatenus
1076 3084 1187 3148 ponere
1199 3067 1497 3149 qualisponisoleat,

372 3156 374 3160 ’
408 3174 511 3229 utrum
526 3165 643 3229 scilicet
663 3166 798 3246 pecunia
824 3165 992 3228 formaliter
1016 3168 1056 3229 sit
1079 3167 1262 3230 elementum
1286 3164 1499 3246 productivum

411 3283 506 3331 necne
529 3284 536 3330 :
563 3266 634 3329 talis
659 3267 740 3328 enirn
767 3283 823 3328 nec
849 3265 996 3330 hodierna
1018 3267 1157 3347 capitalis
1178 3268 1329 3347 quaestio,
1353 3275 1500 3346 utsupra

410 3363 555 3439 vidimus,
579 3362 721 3443 ponenda
740 3374 798 3437 est,
817 3379 872 3426 nec
887 3362 924 3426 de
946 3363 1025 3428 iacto
1049 3366 1183 3445 ponitur,
1205 3366 1265 3429 nisi
1292 3365 1331 3430 ab
1357 3365 1422 3428 illis
1447 3362 1498 3443 qui

407 3462 569 3528 formalem
600 3463 742 3543 capitalis
770 3465 920 3527 rationem
949 3463 1082 3528 indebite
1119 3464 1150 3526 in
1186 3466 1286 3544 ipsam
1315 3463 1500 3528 transferant

408 3563 581 3644 pecuniam.
605 3561 693 3627 Unde
717 3579 772 3627 nec
793 3579 947 3639 curamus,
971 3573 1072 3626 utrum
1095 3563 1273 3644 aliquando,
1297 3562 1496 3644 temporibus,

409 3793 437 3846 p.
462 3777 564 3834 itala
589 3778 659 3834 Sane
682 3791 889 3844 nonnumquam
907 3778 1092 3834 controversia
1113 3776 1175 3835 fuit.
1193 3779 1288 3832 utrum
1310 3776 1451 3832 cambium
1467 3773 1499 3829 ad

405 3862 774 3929 emptionem-venditionem
787 3862 922 3927 pertineat
935 3879 942 3915 :
955 3858 1003 3915 sed
1015 3859 1050 3915 lis
1061 3865 1103 3916 est
1114 3861 1208 3926 potius
1223 3859 1258 3915 dc
1274 3859 1359 3915 verbo
1371 3873 1456 3926 quam
1467 3856 1500 3912 de

408 3957 447 3999 re.
462 3943 499 4000 dt
510 3959 536 3999 v.
553 3959 591 4010 g„
605 3959 632 4010 p.
646 3944 695 3999 lau
707 3957 742 4007 a,
756 3942 815 4008 131,
828 3941 887 4007 tlt),
900 3940 1009 3997 trudat
1019 3941 1077 4004 (ubi
1093 3940 1128 3998 de
1144 3941 1260 4007 cajetani
1276 3941 1422 4004 doctrina).
1434 3943 1501 3996 ltem

407 4025 524 4094 legatur,
538 4027 612 4095 apud
629 4027 659 4080 V.
679 4028 787 4082 Bnaurs
807 4027 862 4100 (qn.
882 4023 1107 4090 c.,n.190·193)‚
1129 4023 1252 4080 doctrina
1272 4023 1375 4079 Nicolul
1397 4021 1500 4080 oresmt

402 4109 439 4173 (s.
458 4109 520 4174 llll),
541 4123 612 4176 quae
629 4099 848 4166 substantialiter
866 4111 908 4163 est
925 4106 1050 4163 doctrina
1068 4107 1094 4162 S.
1108 4106 1235 4170 Thomna,
1249 4109 1277 4162 et
1288 4119 1359 4172 quae
1377 4119 1393 4160 a
1411 4107 1499 4173 noste-

404 4192 529 4250 rioribus
540 4193 682 4250 definitivo
694 4192 777 4249 modo
789 4190 955 4248 admittitur.
