3242 4959
865 492 937 537 PARS
958 491 1055 537 PRIOR.

459 854 537 917 Huic
552 853 589 917 de
604 853 837 935 productivitate
851 853 973 916 formati
989 853 1130 933 capitatis
1147 854 1326 929 sententiae,
1342 854 1511 932 theoriam,

386 968 387 971 ’
417 967 494 1031 quae
515 952 684 1014 auctarium
705 952 827 1015 exhibet
848 959 882 1014 ut
902 951 1177 1015 remunerationem
1199 969 1274 1014 usus
1295 952 1387 1016 sortis
1409 953 1506 1031 (Nut-

416 1049 674 1129 zuopstbcort‘eo),
684 1051 821 1114 historici
830 1050 1186 1114 scientiaeoeoonomicae
1197 1051 1298 1115 soient
1308 1060 1506 1131 connectam

416 1149 524 1229 ipset.
543 1150 577 1211 B.
596 1150 664 1228 Say,
682 1150 774 1212 simul
791 1166 862 1213 cum
877 1149 971 1229 priori
994 1149 1155 1225 sententia,
1178 1150 1258 1214 banc
1278 1150 1369 1213 etiam
1391 1166 1506 1231 propo·

417 1256 528 1312 suerat.
547 1249 662 1312 Revera
683 1248 828 1328 aliqualis
849 1249 882 1311 in
904 1248 961 1312 bac
982 1249 1132 1311 sententia
1154 1250 1337 1329 supponitur
1358 1251 1509 1329 pecuniae
1611 1313 1612 1332 ,

417 1346 611 1424 itecnnditas,
629 1362 697 1410 cum
714 1364 788 1410 usus
802 1347 901 1427 ipsius
916 1346 1157 1410 remunerandus
1171 1347 1222 1422 sit,
1239 1348 1380 1427 quamvis
1401 1357 1508 1413 tamen

416 1445 445 1507 vi
460 1445 654 1525 productivae
669 1460 731 1509 non
746 1462 780 1507 cx
797 1443 935 1524 professo
948 1443 1118 1508 insistatur.
1132 1446 1256 1509 Praeter
1266 1453 1421 1509 auctorem
1431 1448 1504 1522 Str,

415 1543 448 1605 in
473 1530 573 1607 Gallia
598 1559 660 1606 non
685 1543 799 1605 multos
824 1541 959 1621 eiusdem
980 1542 1115 1606 tbeoriae
1139 1551 1285 1623 patronos
1310 1543 1504 1622 invenimus;

415 1641 449 1705 in
463 1642 625 1705 Germania
641 1657 722 1717 vero,
739 1657 798 1719 quo
817 1656 889 1703 mox
908 1640 1059 1717 transivit,
1076 1641 1114 1706 ab
1131 1657 1212 1704 anuo
1228 1642 1320 1717 teat,
1344 1651 1508 1706 strenuum

415 1740 606 1805 defensorem
630 1749 659 1803 et
681 1746 913 1821 propagatorem
932 1739 1008 1803 baec
1025 1741 1186 1816 sententia,
1203 1741 1360 1821 paulisper
1373 1749 1502 1818 niumm,
1612 1763 1613 1790 1

416 1846 504 1903 nacta
525 1846 572 1902 cst
592 1840 750 1915 Harudum
774 1855 866 1917 quem
881 1839 952 1919 ptus
966 1839 1106 1903 minusve
1122 1839 1217 1904 secuti
1233 1849 1305 1903 sunt
1319 1842 1507 1917 Butuntum,

414 1941 585 2015 Minentur,
612 1939 674 2004 imo
696 1955 799 2002 revera
822 1940 992 2004 Scnterruu
1014 1948 1045 2004 et
1065 1941 1167 2016 Kutus,
1195 1942 1375 2020 praesertim
1399 1950 1502 2005 autem

417 2040 454 2101 tt.
471 2039 597 2101 Menneu
612 2039 656 2115 (t).

456 2218 504 2281 En
524 2218 644 2281 brevem
665 2225 860 2298 conspectum
881 2218 1100 2281 sententiamm
1122 2218 1254 2297 quaein
1275 2218 1401 2282 scientia
1424 2235 1508 2283 oeco·

415 2306 547 2391 uomica,
560 2316 598 2381 ab
608 2325 735 2380 exeunte
747 2316 869 2380 saecuto
880 2317 978 2380 xvttt
990 2333 1086 2396 usque
1098 2317 1264 2381 adauctum
1276 2318 1396 2381 circiter
1408 2319 1506 2394 1830,

415 2423 504 2479 natae
519 2423 601 2493 sunt,
618 2432 756 2496 quaeque
771 2416 809 2479 ab
825 2432 906 2479 anno
922 2416 1002 2479 1830
1022 2416 1061 2480 ad
1080 2422 1200 2480 nostras
1219 2433 1315 2497 usque
1335 2417 1402 2480 dies
1423 2418 1509 2483 evot-

414 2523 536 2578 vuutur.

456 2616 569 2679 brunes
595 2615 652 2677 bos
677 2620 827 2689 auctores,
855 2614 880 2676 si
907 2613 978 2677 illos
1004 2613 1140 2693 excipias
1165 2614 1217 2694 qui
1243 2630 1312 2677 cum
1338 2615 1508 2679 sociatistis
1614 2647 1615 2674 t

415 2711 543 2776 iteneris
559 2711 750 2791 iniquitatem
765 2721 970 2791 propugnant,
984 2711 1062 2775 thasi
1076 2711 1297 2779 fundamentali
1316 2711 1353 2776 de
1368 2715 1505 2778 auctario

411 2826 471 2891 pet·
483 2827 516 2873 aa
530 2815 621 2890 atqtte
632 2808 800 2871 universim
817 2809 901 2873 licito
914 2809 1106 2885 subscribere
1121 2809 1305 2873 notaumus.
1319 2810 1394 2874 Inde
1408 2813 1505 2875 maxi·

416 2924 500 2971 mum
526 2909 647 2989 pondus
671 2908 840 2973 addebatur
865 2910 1032 2973 sententiae
1058 2910 1181 2972 illorum
1210 2911 1421 2990 theologorum
1450 2912 1505 2991 qui

415 3008 542 3072 eandem
565 3009 740 3088 opinionem
759 3009 831 3072 inde
846 3025 865 3071 a
878 3017 1016 3088 tempore
1031 3008 1186 3073 Benedicti
1202 3010 1272 3073 xiv
1287 3009 1504 3088 defenderant;

414 3123 449 3172 eo
464 3108 511 3169 vel
527 3107 626 3187 magis
641 3106 721 3188 quod
744 3107 861 3171 theoria
881 3107 919 3171 de
943 3107 1176 3187 productivitate
1201 3107 1321 3171 formati
1349 3109 1502 3188 capitatis.

415 3223 433 3268 a
448 3207 506 3285 Say
517 3214 683 3286 propagata
695 3214 725 3268 et
734 3220 804 3268 mox
821 3205 1043 3286 vulgatissima,
1056 3206 1289 3271 tundamentum
1301 3208 1504 3272 scientificum

415 3304 492 3384 ipsis
506 3304 619 3367 directe
635 3304 923 3369 subministraverit.

852 3547 885 3599 G.
904 3546 1068 3611 Theologi.

457 3734 612 3809 Quamvis,
628 3733 750 3797 ineunte
766 3734 887 3797 saecuto
898 3734 981 3810 xlx,
996 3733 1034 3796 de
1045 3734 1138 3797 variis
1156 3734 1220 3797 iltis
1236 3735 1506 3799 oeconomistarum

416 3828 612 3913 opinionibus
638 3848 699 3894 non
725 3831 837 3895 directe
863 3839 1003 3896 curarent
1029 3832 1178 3913 tbeotogi,
1207 3840 1340 3896 attamen
1366 3833 1504 3913 ipsomm

416 3932 612 3995 attentionem
628 3931 659 3994 id
670 3931 801 3994 maxime
813 3931 963 4007 movebat,
975 3931 1067 4010 quod,
1079 3931 1164 4011 jnrta
1175 3929 1270 3995 ferme
1284 3948 1389 3995 omnes
1404 3932 1503 3996 scieu-

415 4029 475 4091 tiae
484 4038 548 4091 tum
558 4028 706 4107 jnridicae
719 4036 783 4092 tum
793 4028 998 4093 oeconomicae
1009 4029 1134 4109 peritos,
1145 4044 1219 4094 usus
1231 4030 1377 4108 pecuniae
1388 4028 1506 4095 toenorc

417 4125 507 4189 vendi
523 4126 631 4205 possit.

449 4313 483 4378 (t)
500 4312 538 4370 ct.
551 4315 597 4381 tu,
610 4330 637 4382 p.
651 4314 768 4382 attam,
782 4313 900 4373 oroma.
