3242 4959
396 456 457 520 tta
765 475 837 522 rans
851 477 972 523 aaroni.
990 479 1068 525 sacr.
1087 481 1107 524 r.

436 637 466 713 b)
482 639 541 702 Sed
557 640 648 703 etiam
664 641 702 703 ad
719 640 883 705 nonnullos
899 649 1037 705 auctores
1053 642 1189 720 eiusdem
1204 645 1370 708 sententiae
1386 653 1483 709 atten-

397 737 517 813 damus,
534 738 587 818 qui
602 737 832 802 foecunditatem
853 739 992 819 capitalis
1012 757 1073 804 non
1092 749 1208 803 tantum
1228 744 1414 823 experientia
1430 743 1483 807 sed

397 837 562 900 intrinseca
591 839 708 901 ratione
737 837 860 917 probari
887 847 1021 901 censent.
1051 840 1237 904 Lauderdale
1271 843 1483 922 explicationis

398 937 553 1013 inventor,
586 955 674 1017 quem
702 937 820 1016 aliquot
846 939 915 1002 licet
940 939 1117 1017 paucissimi
1148 941 1363 1004 oeconomistae
1389 943 1482 1005 secuti

395 1044 478 1110 sunt,
502 1035 625 1114 capitali
650 1035 776 1099 eandem
800 1043 926 1115 prorsus
948 1037 1008 1099 rim
1031 1036 1239 1116 productivam
1266 1039 1366 1102 inesse
1392 1057 1482 1120 quam

398 1133 458 1214 ipsi
472 1134 590 1197 homini
606 1135 743 1214 operanti
763 1134 918 1199 contendit
936 1153 942 1197 :
961 1137 1071 1199 etenim
1089 1138 1218 1217 capitale
1234 1139 1370 1218 aliquam
1386 1156 1481 1219 quan-

395 1233 512 1294 titatem
529 1233 642 1296 laboris
654 1249 721 1296 rere
738 1235 860 1312 supplet
875 1234 1051 1315 (suppleat),
1070 1236 1199 1314 capitale
1214 1237 1304 1317 quast
1319 1244 1480 1317 operatur:

398 1331 525 1410 ideoque
535 1331 793 1411 quemadmodum
805 1333 956 1394 humanae
969 1333 1136 1396 industriae
1149 1335 1295 1397 salarium
1307 1334 1477 1414 respondet,

396 1431 439 1493 ita
468 1431 608 1510 capitalis
636 1430 781 1493 activitati
810 1431 979 1494 auctarium
1006 1433 1050 1508 (t).
1079 1433 1224 1506 Quamvis
1254 1432 1328 1496 haec
1357 1433 1480 1496 auctarii

398 1529 604 1608 interpretatio
617 1530 654 1593 ah
668 1529 824 1592 hodiernis
835 1530 1010 1592 auctoribus
1021 1539 1054 1593 ut
1066 1531 1165 1610 magis
1177 1531 1342 1594 scientilica
1355 1548 1389 1595 ac
1401 1532 1481 1611 prior

395 1629 583 1703 exhiheatur,
615 1637 746 1691 attamen
780 1638 918 1692 accurate
948 1629 1119 1709 inspicienti
1149 1639 1230 1710 patet
1260 1630 1340 1693 idem
1371 1631 1479 1694 iactum

354 1763 357 1770 ·
396 1729 429 1790 in
451 1729 508 1791 hac
525 1728 737 1808 praesuppoal
763 1745 839 1807 quae
866 1728 1048 1808 supponitur
1074 1730 1104 1790 in
1131 1729 1183 1791 illa
1202 1747 1209 1792 ε
1228 1730 1345 1793 scilicet
1371 1747 1425 1810 per
1449 1747 1478 1792 se

396 1826 502 1889 adesse
517 1828 686 1890 auctarium
708 1828 832 1907 capitali
854 1828 1043 1890 obveniens:
1063 1828 1143 1906 quod
1165 1827 1272 1890 deinde
1295 1845 1478 1908 praesuppo-

395 1928 490 1989 situm
506 1929 675 2006 explicator
689 1929 749 1990 alin
766 1927 937 2008 hypothesi,
955 1945 1063 2008 nempe
1080 1929 1202 2009 capitali
1219 1927 1387 1990 laborante.

436 2033 462 2092 cl
477 2026 613 2089 Eandem
626 2027 767 2088 virtutem
782 2027 923 2106 capitalis
935 2027 1110 2104 formaliter
1121 2027 1329 2107 productivum
1346 2035 1480 2090 auctores

395 2126 500 2188 tertiae
512 2127 600 2188 seriei
614 2135 819 2205 propugnant,
831 2127 971 2204 quamvis
983 2126 1042 2187 alio
1055 2125 1145 2188 modo
1156 2143 1163 2188 :
1173 2127 1289 2190 scilicet
1299 2127 1477 2200 auctarium,

395 2239 501 2286 rursus
527 2225 805 2304 praesuppositum,
835 2240 894 2286 non
925 2225 1048 2303 quidem
1078 2242 1113 2286 ex
1144 2225 1283 2304 capitalis
1313 2225 1481 2287 substantia

392 2324 533 2402 generari
559 2333 729 2391 autumant.
754 2339 858 2385 rerum
881 2340 916 2384 ex
938 2323 1073 2399 eiusdem
1096 2341 1165 2384 asa.
1191 2322 1358 2385 Fatendum
1381 2332 1480 2384 tamen

392 2430 441 2482 est
455 2421 539 2500 ipsos
554 2431 692 2484 auctores
707 2423 785 2483 hane
801 2421 1035 2500 explicationem
1050 2420 1274 2501 protendentes,
1293 2422 1318 2483 si
1339 2437 1480 2500 expressa

396 2521 462 2601 ipsa
488 2520 579 2583 verba
605 2519 811 2593 attendantur,
837 2537 854 2581 a
877 2521 1025 2582 sententia
1048 2519 1084 2582 de
1105 2521 1229 2598 formali
1249 2519 1481 2600 producttritate.

393 2618 545 2690 recedere,
570 2620 632 2681 imo
658 2618 779 2697 saepius
804 2619 931 2681 eandem
958 2635 1151 2698 oppugnare;
1176 2619 1300 2699 insuper
1325 2619 1480 2682 latendum

395 2719 509 2797 peritos
520 2718 697 2792 hodiernos,
707 2718 758 2796 qui
772 2717 897 2779 theoriis
910 2716 1031 2779 student
1042 2717 1250 2792 oeconomicis,
1264 2717 1342 2779 hanc
1354 2717 1479 2780 auctarii
1585 2729 1586 2798 ξ

392 2818 674 2896 interpretationem
700 2834 717 2879 a
743 2817 862 2880 duabus
885 2817 976 2878 modo
1001 2816 1147 2895 expositis
1168 2825 1197 2878 et
1218 2815 1480 2896 productivitatem
1585 2823 1586 2848 ¹

394 2916 554 2980 formalem
570 2917 713 2996 explicite
731 2917 886 2979 tuentibus
908 2926 1046 2979 accurate
1069 2917 1250 2980 discernere.
1275 2916 1481 2979 Nihilominus
1585 2923 1586 2996 l

395 3014 556 3077 indubium
577 3015 667 3077 nohis
689 3014 807 3077 ridetur
829 3025 858 3077 et
878 3016 957 3077 hanc
979 3015 1015 3078 de
1037 3033 1095 3076 asa
1117 3015 1258 3094 capitalis
1280 3016 1429 3078 theoriam
1444 3013 1480 3076 ad
1585 3045 1586 3070 t

392 3114 614 3193 generaliorem
636 3114 673 3175 de
692 3113 813 3175 formali
830 3112 1060 3192 productivitate
1076 3113 1239 3175 ultimatim
1256 3112 1358 3176 reduci
1377 3130 1384 3175 :
1403 3112 1481 3175 unde

395 3227 458 3272 non
475 3210 649 3273 mirandum
672 3220 716 3273 est
737 3213 816 3273 t.-ss.
835 3212 903 3289 Say,
921 3222 1038 3291 patrem
1060 3212 1227 3275 sententiae
1250 3213 1371 3292 prioris,
1390 3211 1479 3275 simul
1585 3273 1586 3292 ,

395 3319 425 3372 et
437 3311 516 3372 hanc
528 3327 748 3390 propugnasse.
760 3311 842 3383 Quae
853 3318 1049 3388 systematum
1062 3327 1131 3373 vera
1143 3320 1172 3373 et
1183 3311 1329 3390 obiectiva
1340 3310 1481 3374 identitas
1585 3333 1586 3390 3

396 3409 454 3471 hoc
470 3408 559 3472 modo
575 3416 693 3472 constat
705 3426 713 3470 ε
727 3409 798 3471 hinc
815 3409 931 3470 theoria
943 3409 979 3471 de
991 3409 1112 3471 lormali
1126 3409 1322 3472 foecunditate
1341 3425 1481 3480 expresse

397 3509 428 3571 in
443 3509 500 3571 hoc
516 3508 623 3570 nititur
639 3509 725 3586 quasi
741 3508 902 3582 axiomate,
917 3508 1050 3570 valorem
1066 3509 1246 3587 productum
1260 3509 1408 3587 majorem
1421 3525 1482 3570 csse
1585 3503 1586 3582 i

392 3625 489 3688 quam
506 3609 638 3672 valorem
654 3608 886 3671 substantialem
908 3609 1157 3688 producentium;
1181 3609 1253 3672 hinc
1275 3625 1344 3672 vcro
1367 3609 1481 3672 theoria
1585 3635 1586 3690 l

427 3813 462 3875 (ll
479 3811 622 3870 Theoriam
636 3810 802 3867 Lauderdale
813 3811 965 3877 expositam
974 3810 1154 3878 videsisapud
1166 3813 1383 3874 Boon-murm,
1394 3829 1436 3877 op.
1447 3829 1480 3877 a,
1585 3801 1586 3868 Ῐ

393 3896 415 3958 1,
429 3908 455 3959 p.
470 3894 587 3949 169-176.
608 3893 700 3948 Eidem
719 3893 842 3948 theoriae
860 3893 954 3948 stricte
971 3892 1100 3948 adhaeret
1118 3895 1233 3957 Grasra,
1254 3895 1306 3947 Dic
1323 3896 1482 3960 altqemcr'ac

400 3975 650 4041 ttftrtscauftrtearc
670 3978 736 4029 oder
755 3977 1035 4038 Nattoaalolraaomtc,
1058 3990 1085 4042 p.
1106 3975 1164 4032 903.
1186 3975 1286 4038 Berlin,
1309 3975 1382 4031 1858.
1402 3995 1418 4024 <t
1431 3977 1482 4032 Der

394 4059 617 4125 Capitalgewinn,
631 4059 678 4124 ait,
692 4059 738 4114 hal
753 4060 848 4114 seinen
860 4058 953 4114 Grund
965 4058 1052 4122 darin,
1066 4060 1129 4115 dass
1146 4060 1232 4115 durch
1251 4061 1300 4116 des
1318 4060 1417 4126 Capitol
1437 4061 1482 4116 ein

389 4141 471 4196 'Theil
491 4141 541 4197 der
558 4142 725 4198 Production
745 4142 865 4197 hewirhl
885 4139 967 4205 wird,
987 4141 1043 4196 und
1063 4142 1098 4197 ist
1116 4155 1170 4197 nur
1186 4143 1232 4198 ein
1250 4143 1326 4198 lohn
1346 4141 1390 4198 ldr
1407 4141 1481 4198 diese
1585 4183 1586 4210 2

388 4223 605 4289 htittvtrkung».
1585 4223 1586 4248 l
