3242 4959
445 479 510 531 cna.
528 479 560 530 11.
577 476 934 532 oeconomoruonaom.
1171 463 1233 532 189

145 647 312 714 universim
327 657 557 733 praesumptum
573 649 749 715 defenduut.
767 649 842 715 lnde
856 657 957 715 autem
973 650 1012 714 ab
1027 657 1154 716 exeunte
1168 668 1234 716 sac·

23 811 24 814 ,
145 751 212 816 3313
227 753 310 815 XVll
325 770 343 818 3
356 753 475 833 iuristis
490 752 641 833 regalistis
661 752 783 816 strictus
805 751 912 814 titulus
933 750 1041 832 legalis
1063 751 1233 815 certissime

22 843 23 914 ξ
144 858 189 914 331
209 859 430 932 propugnatus.
453 853 495 914 lta
509 850 571 930 iam
587 867 667 914 anno
684 850 764 914 1691
779 850 952 913 invenimus
973 848 1055 930 apud
1078 857 1231 913 auctorem

22 937 24 1018 ῗ
144 949 260 1012 Galliae
275 951 385 1014 Cocurr
400 961 538 1030 agentem
555 950 592 1013 de
607 949 723 1013 foenore
738 966 774 1012 ex
789 956 895 1013 mutuo
910 950 944 1027 (t)
962 965 969 1011 :
989 971 1003 1005 ‹
1015 947 1078 1027 131,
1093 947 1122 1025 je
1137 948 1228 1025 crois,

22 1083 24 1128 p
143 1065 228 1111 assez
244 1046 289 1112 dit
304 1047 341 1112 de
356 1049 462 1112 choses
482 1065 559 1129 pour
583 1064 713 1129 prouver
734 1065 792 1129 que
815 1047 936 1128 1133111
955 1046 1029 1110 3113
1047 1046 1162 1126 justice
1182 1045 1232 1109 311

139 1145 275 1226 pendent
290 1146 327 1209 de
342 1145 370 1209 13
385 1147 606 1222 3331111313113,
624 1154 654 1210 31
668 1162 724 1228 par
738 1145 924 1226 consequent
939 1145 976 1208 13
992 1145 1022 1208 13
1039 1144 1158 1209 volente
1177 1144 1232 1212 des

22 1289 23 1338 p
143 1245 270 1308 Princes
285 1252 315 1308 et
330 1245 371 1309 du
383 1246 540 1326 jugement
554 1244 607 1308 des
626 1245 812 1326 Magistrats,
830 1246 881 1325 qui
897 1253 967 1309 sont
981 1245 1011 1308 la
1026 1246 1125 1308 meme
1139 1245 1230 1308 chose

143 1359 202 1422 que
219 1344 248 1406 13
264 1342 383 1407 volente
397 1352 426 1406 et
442 1343 469 1406 le
482 1343 638 1424 iugement
658 1343 763 1425 public
783 1344 821 1407 de
842 1352 918 1408 cette
941 1343 1089 1409 3331111...
1113 1345 1147 1408 13
1169 1344 1231 1408 n’ai

143 1440 302 1505 considere
317 1440 362 1504 les
376 1457 484 1505 usures
503 1459 562 1522 que
583 1458 636 1506 sur
657 1459 690 1506 ce
711 1443 813 1520 doute,
837 1443 955 1518 scaroir
976 1442 1003 1506 si
1023 1443 1067 1506 les
1085 1443 1173 1506 Prdts
1193 1443 1231 1506 de

143 1542 319 1605 Commerce
334 1548 404 1604 sont
418 1539 569 1622 legitimos
588 1542 665 1605 dans
680 1541 828 1622 quelques
842 1542 1006 1606 Provinces
1028 1557 1101 1606 sous
1122 1540 1230 1606 13313-

143 1638 201 1704 rite
216 1639 269 1704 des
285 1640 370 1705 Rois.
386 1663 401 1698 ›
419 1639 506 1706 Unde
520 1656 582 1704 non
597 1641 710 1704 mirum
725 1651 770 1704 est
784 1641 934 1722 quosdam
950 1641 1118 1723 theologos,
1132 1640 1231 1704 mari·

143 1740 204 1802 mis
219 1740 257 1804 de
271 1755 303 1803 re
317 1739 458 1804 usuraria
472 1739 675 1804 anxietatibus
690 1756 825 1820 pressos,
841 1755 911 1803 mox
934 1739 1062 1803 eandem
1084 1738 1232 1802 theoriam

143 1838 208 1903 sive
223 1837 335 1921 partim
351 1838 414 1903 sive
429 1838 518 1919 plene
533 1839 748 1919 assumpsisse.

184 1937 219 2002 2⁰
234 1939 298 2002 lloc
312 1953 367 2018 per
381 1945 576 2001 transennam
591 1937 630 2001 ad
645 1944 803 2002 auctorum
819 1936 1055 2018 intelligentiam
1070 1945 1185 2015 notato,
1203 1943 1233 2000 et

143 2035 198 2100 illa
214 2036 295 2099 tituli
315 2036 424 2117 legalis
445 2036 692 2118 interpretatione
713 2037 860 2114 admissa,
879 2038 1019 2118 quamvis
1040 2045 1123 2103 extra
1144 2055 1234 2120 prae·

142 2144 261 2201 sentem
276 2136 485 2216 quaestionem
498 2137 609 2218 posita,
627 2137 754 2201 alteram
777 2137 1022 2218 explicationem,
1039 2137 1163 2218 saepius
1184 2138 1234 2201 hic

141 2237 280 2311 allatam,
298 2236 463 2316 probamus
482 2236 535 2300 sed
557 2236 649 2300 simul
672 2237 862 2317 seponimus.
879 2238 994 2317 Nempe
1015 2237 1233 2318 ambigendum

142 2353 207 2401 non
221 2335 341 2399 videtur
361 2343 472 2399 statum
494 2352 547 2400 seu
562 2336 744 2417 principem,
762 2337 840 2400 sicut
861 2343 890 2399 31
910 2336 1039 2424 quodvis
1061 2336 1232 2400 institutum

141 2453 199 2500 seu
214 2435 354 2516 quamvis
369 2435 555 2511 societatem,
571 2435 620 2515 J'us
635 2435 745 2501 hahere
760 2434 912 2500 statuendi
928 2444 1044 2501 certum
1063 2437 1231 2502 auctarium

142 2553 199 2601 seu
215 2535 385 2617 praemium
398 2535 479 2615 quod
494 2535 553 2599 sibi
566 2536 776 2600 mutuantibus
790 2543 898 2617 sponte
910 2553 945 2599 ac
956 2536 1098 2617 gratuito,
1113 2537 1232 2600 etiamsi

143 2634 248 2717 quivis
262 2635 369 2698 titulus
383 2633 475 2712 absit,
493 2635 624 2700 tribuere
638 2636 720 2699 velit.
739 2636 826 2710 Quod
840 2634 964 2716 quidem
985 2641 1117 2699 statuere
1135 2643 1235 2717 potest

143 2736 210 2799 sive
225 2735 264 2798 ad
279 2734 440 2798 utilitatem
456 2736 554 2817 ipsius
573 2743 669 2801 status
692 2735 911 2812 immediatam,
929 2742 1001 2816 puta
1022 2744 1055 2799 ut
1072 2736 1233 2816 pecuniam

143 2833 182 2897 ad
199 2833 315 2896 bellum
329 2833 376 2898 vel
392 2833 470 2896 alias
484 2849 632 2914 expensas
651 2833 795 2910 obtineat,
812 2834 875 2896 sive
896 2833 988 2898 etiam
1011 2833 1049 2896 ad
1071 2833 1234 2897 utilitatem

143 2932 245 3014 ipsius
259 2929 435 3008 mediatam,
452 2942 524 3012 puta
539 2940 572 2995 ut
587 2931 725 2995 subditos
739 2932 778 2995 ad
794 2932 980 3012 parcendum
1001 2931 1126 2996 alliciat.
1144 2933 1181 2994 Et
1200 2933 1233 2996 iu

142 3032 228 3094 hunc
249 3047 373 3095 sensum
395 3031 561 3111 loquuntur
585 3030 725 3094 nonnulli
754 3030 828 3094 olim
853 3039 991 3094 auctores
1017 3031 1055 3095 de
1079 3031 1234 3094 Montibus

143 3130 211 3192 sive
225 3129 358 3209 publicis
373 3130 436 3194 sive
450 3129 573 3210 pietatis
584 3136 708 3210 agentes
721 3130 768 3208 131.
783 3129 815 3192 Si
828 3129 869 3193 ita
881 3136 937 3206 est,
951 3130 1060 3193 iterum
1074 3144 1233 3210 perperam

145 3339 274 3408 quamvis
285 3337 430 3395 lioeitatem
443 3336 557 3393 foenoris
571 3353 627 3394 non
645 3338 748 3396 directe
765 3353 799 3396 ex
817 3337 878 3406 lege
896 3339 1081 3406 desumerent,
1098 3354 1155 3396 non
1173 3340 1235 3397 ideo

146 3421 201 3488 legi
214 3420 405 3488 supponebant
422 3420 518 3475 titulos
536 3420 714 3486 extrinsecos,
729 3420 969 3486 31331131131,331
981 3425 1152 3479 contractum
1164 3423 1233 3479 loca·
1349 3503 1352 3510 Ι

144 3504 233 3560 tionis
244 3518 279 3560 ex
290 3517 320 3559 se
332 3501 503 3570 frugiferum.

177 3585 214 3650 (t)
231 3584 268 3641 Gi.
287 3585 379 3639 Troilo
390 3589 436 3639 des
447 3599 542 3638 usuros
559 3600 593 3638 ott
610 3587 771 3652 ecptteatton
788 3590 835 3640 des
851 3589 925 3652 prou
937 3594 963 3642 el
973 3591 1020 3642 det
1037 3590 1234 3646 interiissem

143 3671 185 3723 tes
205 3669 262 3722 1313
279 3671 325 3734 qui
341 3674 386 3722 331
397 3669 451 3722 estc
461 3668 541 3733 131133
552 3683 585 3723 en
598 3675 654 3722 toas
666 3671 705 3723 133
716 3670 818 3734 sidetes,
832 3685 860 3736 p.
873 3670 931 3736 3111,
945 3670 1002 3727 303.
1016 3672 1100 3737 Ρ3313,
1114 3671 1187 3728 tout.
1201 3696 1234 3708 -·

144 3751 184 3806 113
197 3750 251 3806 133
262 3763 355 3817 opere,
367 3749 402 3806 cl.
415 3764 508 3817 supra,
522 3767 548 3818 p.
561 3750 603 3808 16.

179 3831 215 3896 (i)
232 3833 271 3888 lta
295 3832 547 3898 interpretationem
569 3832 669 3888 habeas
690 3826 851 3900 auctorum,
874 3848 945 3901 quos
967 3848 1032 3891 cum
1051 3835 1234 3902 scriptoribus

143 3913 237 3973 3113113
257 3915 286 3970 Ρ.
304 3915 334 3970 Α.
353 3915 496 3970 hamram
516 3916 568 3982 (33.
587 3931 621 3980 e..
641 3931 668 3982 p.
687 3915 735 3972 6111
757 3916 791 3980 3.)
811 3917 948 3974 immerito
970 3917 999 3972 in
1019 3915 1139 3975 savorem
1159 3917 1234 3974 tituli

144 3997 243 4065 legalis
259 3995 347 4062 offert,
366 3997 426 4053 soil.
445 3997 631 4063 Pelimarium,
644 3999 774 4064 Potestas,
788 4001 862 4066 Viva,
880 4002 909 4056 et
926 4003 1004 4056 antea
1015 4001 1042 4056 S.
1055 4000 1233 4067 Antoninum,

143 4081 324 4138 Laurentium
336 4080 370 4137 de
381 4081 534 4149 Ridolphis
548 4082 603 4137 imo
620 4083 781 4149 Gregorium
797 4084 1005 4142 Ariminensem.
1019 4085 1125 4150 Quibus
1142 4088 1234 4141 aucto·

143 4163 224 4218 ribus
236 4163 368 4228 allegatis,
380 4163 504 4230 plerique
512 4167 638 4220 auctores
646 4164 680 4221 de
689 4165 783 4222 eadem
792 4166 923 4222 liontium
936 4167 1108 4223 institutione
1119 4167 1235 4235 loquen-

142 4251 188 4302 tes
206 4244 268 4301 addi
287 4248 400 4310 possent
419 4264 426 4301 :
444 4246 492 4303 sed
512 4260 576 4303 cum
595 4247 752 4305 nullatenus
771 4251 867 4315 agatur
887 4248 932 4304 hic
951 4248 986 4305 de
1006 4243 1053 4304 1113
1073 4247 1241 4317 quaestione·

1078 4344 1111 4396 tt
