3242 4959
359 437 421 502 tat
731 457 804 504 atas
818 458 940 504 turam.
957 457 1035 504 secr.
1055 459 1076 504 1.

401 621 433 685 3⁰
445 622 556 685 Verum
577 621 761 686 dissentiunt
782 630 885 686 utrum
905 622 986 701 juste
1008 638 1047 685 an
1070 620 1192 702 injuste.
1217 619 1274 694 Qui
1295 619 1346 698 jus
1367 618 1457 682 adir-

358 727 454 794 mant,
472 719 525 782 alii
539 720 624 799 juxta
639 728 668 783 et
683 728 767 784 extra
781 729 923 800 naturam
938 727 967 784 et
989 719 1124 784 laborem
1142 719 1312 781 humanum
1333 721 1464 795 ponunt

358 818 480 882 tertium
510 819 706 894 elementum,
731 835 841 899 nempe
867 818 1009 898 capitale.
1032 819 1082 881 cui
1107 816 1277 881 auctarium
1299 814 1453 886 tribuunt,

358 919 429 999 quia
450 919 509 982 huc
528 919 677 982 elemento
699 919 868 981 auctarium
890 917 1064 996 formaliter
1078 922 1244 992 causatur,·
1264 914 1316 978 alii
1333 929 1415 989 vero,
1432 929 1451 975 a

358 1018 459 1081 causis
484 1016 671 1098 productilis
688 1017 805 1080 ¹saltem
830 1015 1088 1097 praescindentes,
1117 1017 1150 1078 in
1177 1015 1244 1098 ipso
1274 1027 1458 1094 possessore

358 1114 476 1194 aliquid
491 1115 650 1178 inveniunt
665 1131 724 1194 quo
741 1115 839 1195 ipsius
854 1115 892 1177 ad
907 1115 1079 1178 auctarium
1092 1114 1143 1192 jus
1165 1113 1320 1176 fundatur.
1336 1145 1377 1156 -
1392 1110 1455 1184 Qui

355 1213 405 1292 ius
433 1213 622 1292 capitalistae
647 1222 770 1293 negant,
795 1212 834 1276 ad
864 1229 972 1276 causas
1001 1212 1196 1294 productiuas
1220 1210 1309 1274 sicuti
1332 1209 1456 1290 priores

360 1310 471 1375 directe
493 1312 662 1385 attendunt,
686 1312 738 1375 sed
762 1312 930 1375 auctarium
952 1311 1135 1391 productum
1158 1308 1368 1374 laborantibus
1394 1307 1452 1370 tri-

359 1409 467 1483 buunt,
488 1410 560 1489 quia
580 1409 644 1471 solo
666 1409 767 1472 labore
791 1415 955 1486 causatur;
979 1410 1024 1472 uel
1048 1409 1168 1482 saltem,
1185 1409 1213 1472 si
1228 1409 1320 1472 etiam
1343 1414 1459 1469 natura

359 1516 511 1584 causatum,
529 1508 596 1588 ipsa
612 1518 754 1571 causatur
767 1508 878 1588 protis.

768 1772 990 1835 ARTlCULUS
1006 1772 1044 1834 lt.

533 1937 579 1985 DE
600 1938 801 1987 RELATIONE
824 1939 1001 1988 PECUNIAE
1022 1940 1069 1986 Ab
1092 1936 1276 1996 CAPITALE.

402 2139 572 2218 Imposita,
590 2139 643 2202 sed
666 2139 801 2202 nondum
822 2141 955 2204 examini
977 2141 1122 2220 subjecta,
1141 2143 1265 2202 notione
1284 2137 1457 2202 scientifica

361 2237 519 2317 capitalis,
551 2238 666 2318 inquiri
696 2249 799 2318 posset
827 2239 1013 2318 quibusnam
1044 2239 1076 2300 in
1106 2236 1262 2300 individuo
1292 2235 1456 2298 elementis

361 2336 541 2414 applicetur,
560 2353 613 2398 seu
629 2352 779 2414 quaenam
795 2337 882 2399 illam
902 2336 1124 2417 ingrediantur.
1142 2336 1217 2400 Cum
1238 2334 1360 2414 longius
1374 2331 1459 2395 foret.

360 2431 418 2494 iter
433 2432 619 2496 decurrendo
636 2450 689 2514 per
704 2435 837 2514 singula,
855 2444 885 2497 et
900 2433 1036 2496 nundum
1055 2433 1194 2496 incussit
1210 2441 1298 2512 aptus
1313 2431 1352 2494 ad
1368 2431 1454 2516 capi-

362 2532 432 2594 talis
457 2532 613 2596 notionem
640 2533 671 2594 in
698 2551 730 2596 se
754 2535 887 2596 esaunini
910 2533 1161 2607 submittendam,
1185 2533 1257 2596 huic
1279 2529 1456 2610 quaestioni.

361 2649 443 2695 nunc
458 2633 714 2712 supersedemus:
732 2645 837 2714 postea
854 2635 935 2697 enim
952 2634 1064 2698 clarius
1080 2634 1231 2697 constabit
1246 2632 1284 2696 ad
1300 2646 1458 2712 quaenam.

361 2732 599 2794 attentiunostra
609 2732 769 2811 dirigenda
783 2734 834 2808 sit,
844 2740 878 2795 ut
887 2733 1020 2813 genuina
1032 2732 1172 2812 capitalis
1184 2731 1267 2795 notio
1280 2730 1452 2818 inueniatur

361 2844 397 2892 ac
411 2829 616 2891 confirmetur.
635 2831 850 2894 Verumtamen
875 2848 945 2894 cum
965 2831 1002 2894 de
1024 2831 1150 2910 pecunia
1175 2829 1337 2910 praecipue
1361 2827 1457 2916 nobis

360 2926 400 2989 sit
421 2927 585 3006 agendum,
603 2927 700 3007 deque
723 2929 806 2992 lucro
829 2930 938 2992 exinde
964 2937 1117 3010 percepto,
1141 2928 1217 2991 nihil
1238 2927 1301 3006 jam
1323 2925 1451 3006 impedit

361 3025 525 3103 quominus
549 3026 721 3105 inquiratur
744 3044 876 3106 quanam
899 3029 930 3091 in
952 3029 1099 3091 relatione
1122 3027 1160 3090 ad
1182 3026 1312 3106 capitale
1334 3026 1375 3088 sit
1396 3041 1451 3104 po·

361 3123 476 3196 nenda;
495 3123 556 3186 imo
579 3133 611 3186 ut
626 3125 668 3187 ita
690 3126 752 3199 liat,
770 3127 866 3189 multa
889 3126 1027 3190 suadent.
1046 3126 1120 3190 Hele
1141 3125 1244 3206 igitur,
1263 3140 1350 3186 secus
1368 3139 1404 3185 ac
1417 3123 1454 3185 in

360 3220 624 3298 praecedentibus,
642 3239 792 3302 exponere
814 3224 966 3299 voluimus,
985 3240 1046 3286 nun
1066 3223 1220 3302 quomodo
1242 3222 1348 3285 relatio
1364 3221 1417 3283 illa
1433 3237 1451 3283 a

361 3319 492 3398 singulis
519 3321 695 3384 auctoribus
720 3321 757 3384 de
783 3321 863 3385 lacto
889 3331 1031 3402 ponatur,
1055 3322 1107 3386 sed
1133 3323 1246 3386 directe
1271 3331 1301 3384 et
1322 3319 1454 3400 positive

361 3417 514 3497 quomodo
531 3419 602 3497 poni
620 3418 737 3482 debeat.

706 3679 719 3751 §
736 3677 758 3738 l.
777 3644 914 3740 Positioe
928 3678 1106 3759 exponitur.

403 3879 471 3940 tam
496 3880 659 3941 statuimus
683 3896 774 3960 supra
801 3897 838 3944 ac
863 3882 1045 3945 admisimus
1071 3882 1210 3944 intimam
1236 3898 1362 3961 prorsus
1384 3897 1454 3946 esse

362 3975 541 4040 relationem
558 3979 637 4041 inter
652 3979 781 4059 capitale
797 3997 832 4043 ac
850 3981 1010 4061 pecuniam
1027 3990 1205 4060 caeteraque
1220 3981 1309 4060 signa
1324 3981 1447 4044 valoris.

361 4077 400 4140 Et
420 4091 523 4140 revera
545 4093 652 4142 omnes
677 4079 739 4142 lere
761 4092 899 4144 auctores
925 4081 967 4143 ita
992 4089 1128 4143 statuunt
1151 4098 1158 4143 :
1184 4083 1257 4142 saue
1279 4097 1340 4143 non
1363 4081 1451 4166 quasi

358 4175 522 4254 pecuniae,
550 4178 582 4239 in
619 4178 720 4258 seipsa
750 4179 959 4243 consideratae
988 4187 1017 4243 et
1050 4196 1067 4242 a
1098 4179 1189 4243 bonis
1217 4167 1453 4272 repraesentatis
