3242 4959
374 464 440 548 010
606 515 609 522 -
744 500 1088 550 0000000000.0000.0.
1139 522 1144 531 ·
1190 523 1196 531 ·
1249 508 1253 521 ·

375 667 468 726 cens:
484 664 683 745 «bocpotest
697 679 764 728 esse
776 663 1030 742 justumevemm
1042 673 1189 728 tuncnon
1201 664 1472 746 estcomparanda

374 760 520 841 pecuniae
535 762 700 840 quantitas,
713 777 806 842 quam
819 759 896 824 alter
910 761 1037 837 confert,
1051 778 1121 826 cum
1133 763 1231 843 pretio
1246 777 1467 842 operarum...:

375 873 472 939 neque
487 867 533 922 est
546 859 706 922 conflanda
726 875 786 922 una
808 875 875 923 sors
897 875 935 923 ex
956 860 1011 922 illa
1033 862 1163 940 pecunia
1183 859 1335 941 etpretio
1356 877 1476 942 opera-2

374 961 495 1033 ium...,
521 957 574 1021 sed
600 956 825 1020 consideranda
849 965 923 1020 sont
949 976 996 1031 00,
1023 977 1103 1040 pone
1125 961 1250 1040 utrique
1267 966 1411 1042 pereunt,
1433 965 1476 1022 et‘

375 1055 448 1120 0000
467 1056 550 1119 inter
566 1073 599 1118 00
618 1055 865 1137 comparanda...
890 1057 925 1120 Ei
949 1058 1043 1137 igitur
1063 1058 1121 1138 ,qui
1147 1059 1307 1138 pecuniam
1332 1058 1460 1133 confert,

375 1157 434 1220 duo
449 1165 587 1236 pereunt.
603 1158 717 1233 Primo,
733 1157 904 1222 aestimatio
919 1159 1059 1237 periculi,
1077 1175 1132 1222 seu
1152 1159 1283 1238 pretinm
1304 1173 1463 1222 assecura-

375 1257 467 1320 tionis
482 1255 631 1335 capitalis,
649 1257 712 1319 sive
727 1255 805 1319 illud
820 1257 991 1336 periculum
1007 1257 1039 1318 in
1060 1272 1093 1319 se
1114 1257 1271 1336 suscipiat,
1289 1257 1354 1319 sine
1374 1256 1472 1318 alteri.

374 1354 525 1434 persolvat
546 1354 611 1431 ejus
635 1355 767 1434 pretium
784 1370 791 1417 :
810 1355 885 1417 haec
908 1355 991 1417 enirn
1012 1357 1098 1435 paria
1119 1363 1291 1418 censentur.
1308 1354 1460 1431 Secundo,

373 1454 453 1534 perit
467 1452 514 1515 illi
529 1453 699 1516 aestimatio
715 1452 803 1528 lucri,
818 1453 872 1516 illa
887 1454 1017 1533 pecunia
1031 1455 1161 1534 sperati;
1176 1471 1228 1517 seu
1244 1455 1388 1534 pretinm,
1401 1469 1474 1532 quo·

373 1555 460 1618 alteri
474 1554 563 1616 nendi
581 1561 697 1633 poterat
712 1569 782 1632 spes
798 1553 874 1617 lucri
890 1554 943 1616 illa
958 1556 1088 1634 pecunia
1104 1554 1304 1635 percipiendi,
1319 1555 1474 1618 detractis-

373 1651 474 1734 operis
489 1661 518 1716 et
530 1651 671 1732 expensis
688 1668 695 1715 :
713 1653 766 1731 qui
781 1652 863 1715 enim
878 1654 1002 1733 exponit
1018 1655 1098 1716 lodo
1118 1670 1228 1717 aureos
1249 1654 1460 1734 negotiationi,

372 1749 463 1815 iacile
484 1750 616 1813 inveniet
638 1750 751 1813 mullos
776 1751 827 1830 qui
854 1752 984 1815 libenter
1008 1768 1064 1832 pro
1091 1752 1175 1816 lucro
1200 1761 1319 1832 sperato
1345 1752 1476 1816 dabunt.

373 1847 444 1922 000,
462 1848 583 1910 000001
600 1849 660 1911 300
674 1864 793 1918 aurcos,
809 1851 893 1923 juxta
907 1850 1115 1912 conditionem
1130 1851 1340 1925 mercimonii,
1358 1851 1474 1930 operis-

373 1946 481 2009 solutis
499 1963 506 2009 :
524 1947 626 2026 itaque
641 1948 698 2010 boc
713 1955 809 2010 totum
825 1949 904 2028 peril
918 1950 945 2011 ei
961 1950 1013 2027 qrri
1029 1956 1142 2012 sortem
1165 1949 1320 2012 confert...
1339 1950 1373 2013 idi
1389 1965 1463 2013 vero

299 2093 301 2096 .
373 2044 425 2123 qni
441 2044 558 2107 confert
573 2061 706 2125 operam,
725 2046 824 2108 solum
840 2047 919 2127 perit
934 2048 1104 2110 aestimatio
1120 2065 1230 2128 operae
1247 2064 1253 2110 :
1271 2049 1347 2111 baec
1367 2047 1475 2128 igitur

373 2143 452 2206 inter
474 2161 506 2207 se
527 2151 598 2206 sunl
619 2144 835 2224 comparanda,
857 2154 886 2207 et
907 2145 1073 2209 secundum
1100 2148 1208 2210 borum
1232 2148 1464 2227 proportionem

372 2241 490 2306 lucrum
519 2250 565 2306 est
594 2242 802 2306 dividendum.
823 2266 837 2299 »
861 2245 904 2307 Ex
934 2245 1045 2324 quibus
1074 2246 1234 2308 manifeste
1263 2255 1392 2320 constat,
1419 2281 1462 2292 —

372 2342 519 2422 quidquid
536 2342 653 2405 dicatur
667 2342 704 2404 de
723 2342 936 2422 torminologia
949 2343 995 2405 vel
1011 2343 1049 2407 de
1064 2344 1154 2407 modo
1173 2345 1317 2423 loquendi
1334 2345 1463 2408 illorum

280 2459 283 2466 ’
371 2449 539 2513 auctorum,
557 2475 597 2484 -
612 2440 857 2514 fundamentum,
875 2456 935 2520 quo
952 2443 1080 2522 pecunia
1103 2443 1135 2504 in
1151 2444 1293 2506 societate
1308 2444 1462 2507 rationem

370 2538 481 2602 habeat
499 2529 624 2613 lucrosi,
641 2556 702 2600 000
719 2538 797 2620 porri
810 2539 983 2616 formaliter
998 2541 1032 2602 in
1046 2547 1162 2602 nutrrrn
1177 2542 1277 2621 ipsius
1291 2543 1458 2622 frondifero,

371 2636 424 2700 sed
446 2638 477 2699 in
500 2637 597 2699 titulis
618 2637 794 2699 extrinsecis
815 2637 943 2717 periculi
964 2640 1067 2712 sortis,
1092 2655 1129 2702 ac
1151 2639 1226 2702 lucri
1247 2641 1397 2703 cessantis
1412 2644 1461 2719 (tl,

371 2736 511 2809 Econtra,
535 2751 626 2815 opera
648 2751 700 2798 seu
723 2734 809 2798 labor
832 2736 986 2798 humanus
1006 2738 1040 2798 ln
1060 2755 1093 2799 se
1115 2739 1324 2802 aestimandus
1345 2749 1469 2816 est,.ut‘

370 2851 442 2917 pars
458 2835 533 2898 lucri
549 2834 607 2914 ipsi
620 2834 813 2898 attribuenda
828 2836 1056 2900 determinetur.

397 2934 509 3007 ‘Unde
532 2934 563 2995 in
586 2934 728 2996 societate
749 2934 963 2998 manifestatur
982 2944 1046 2998 tum
1068 2936 1286 3016 productivitas
1306 2938 1473 3002 humanae·

370 3032 548 3107 industriae,
576 3033 716 3110 quamvis
742 3034 890 3112 pecuniae
916 3035 1011 3096 sterili
1038 3034 1217 3114 applicatae,
1246 3045 1309 3098 tum
1333 3037 1474 3117 insuper

370 3131 515 3210 pecuniae
531 3131 629 3210 ipsius
641 3131 818 3194 omnimoda
833 3133 978 3195 sterilitas
995 3149 1003 3195 :
1020 3133 1132 3196 etenim
1152 3135 1178 3195 si
1201 3134 1266 3212 clus
1286 3136 1471 3213 possessori¹

369 3229 427 3291 boc
450 3238 615 3300 contractu,
640 3230 755 3308 absque
776 3229 879 3292 labore
898 3231 1032 3310 proprio,
1053 3232 1171 3294 lucrum
1191 3249 1227 3294 ex
1248 3249 1283 3294 ea
1302 3232 1458 3311 obveniat,

369 3327 491 3390 obvenit
502 3329 530 3390 vi
544 3329 625 3392 tituli
637 3331 810 3406 extrinseci,
825 3330 990 3394 ultimatim
1003 3333 1035 3394 in
1047 3348 1080 3394 re
1086 3347 1187 3412 perse
1194 3332 1378 3412 productiva
1393 3334 1471 3398 nixi.

369 3425 543 3490 etlundati.
1457 3442 1462 3462 ¹

399 3658 434 3722 (ll
451 3659 538 3724 Supra
549 3663 586 3724 (p.
599 3657 689 3721 iolla
701 3659 827 3724 Wiggers
838 3659 920 3714 aliem
930 3659 1087 3716 audivimus
1097 3661 1319 3727 explicationem,
1327 3677 1382 3728 uua
1392 3664 1472 3720 Solo

368 3739 539 3805 responderit
552 3757 558 3794 :
572 3742 691 3796 attamen
702 3745 829 3796 accurate
840 3741 998 3805 inspicienti
1007 3742 1095 3808 liquet
1105 3757 1165 3798 eam
1175 3757 1267 3798 revera
1277 3757 1341 3800 oum
1350 3744 1461 3820 tbeoria

367 3821 636 3877 Lessiioonvonire:
657 3821 702 3878 bic
720 3823 794 3878 enim
812 3823 969 3881 considerat
986 3823 1095 3880 lucrum
1113 3824 1192 3890 quod
1206 3825 1265 3890 ipse
1282 3826 1470 3890 committens-

367 3903 502 3968 potuirset
519 3903 616 3969 iacere,
635 3906 659 3960 si
678 3906 821 3970 pecuniam
837 3921 918 3968 suam
936 3912 1077 3965 contractu
1098 3907 1231 3974 frugifero
1251 3909 1280 3964 in
1297 3923 1342 3966 res
1360 3923 1409 3975 per
1426 3924 1466 3966 se

368 3984 489 4041 lucrosae
501 3989 695 4051 permutasset:
709 3988 756 4044 ille
768 4003 835 4046 vero
845 3989 954 4046 lucrum
966 3991 1040 4056 nuod
1053 3991 1171 4048 babetur
1183 3991 1335 4048 formaliter
1351 3992 1463 4050 eisdem

367 4069 552 4127 eontraclibus
563 4068 711 4135 frugiferis.
724 4071 827 4137 ouibus
839 4073 954 4138 pecuma
967 4078 1155 4128 conarrrr'ttentis
1167 4089 1182 4128 a
1194 4075 1365 4140 negotiatore
1381 4075 1461 4130 adbi-

367 4147 458 4205 betur.
478 4151 548 4216 Ergo
568 4154 685 4226 uterque
702 4153 812 4209 tandem
832 4155 967 4220 originem
987 4155 1058 4221 lueri
1078 4157 1260 4212 committenti
1284 4156 1470 4217 obvenientis

369 4231 471 4295 reperit
483 4231 511 4286 in
524 4231 607 4291 rebus
618 4246 668 4299 per
679 4247 709 4290 se
720 4233 847 4290 lucrosis.
