3242 4959
400 427 467 493 236
764 449 838 495 nnus
851 450 972 496 auram.
989 451 1069 496 secr.
1086 451 1119 497 u.

399 605 502 686 objici,
520 608 649 688 proinde
664 616 694 672 ct
709 609 854 673 locationi
869 612 905 688 tt)
923 627 930 675 :
948 620 1032 691 puta,
1049 612 1075 674 si
1097 612 1270 676 crederetur
1290 613 1328 676 ad
1352 619 1486 677 ostenta·

399 705 512 769 tionem
527 707 572 770 vel
589 707 628 771 ad
644 708 756 790 pignus
771 709 957 790 ponendum.
973 712 1145 776 iteratione
1160 712 1485 791 autenhujus-assem'

398 819 501 884 supra,
520 805 621 885 quoad
636 807 810 885 pecuniam,
821 806 885 885 jam
900 808 1030 888 egimus.

793 1073 1015 1138 nnrrcutus
1038 1074 1090 1137 nr.
1195 1032 1205 1137 s

565 1233 612 1282 Du
633 1233 747 1284 REBUS
768 1236 880 1284 PRIMO
903 1235 970 1284 USU
991 1235 1063 1284 NON
1084 1233 1312 1286 CONSUMPTIS.

439 1432 496 1497 llic
517 1433 755 1500 considerandae
771 1445 843 1498 sunt
861 1433 1019 1498 universae
1040 1452 1090 1499 res
1113 1454 1190 1516 quae
1211 1437 1249 1502 ad
1271 1438 1485 1518 praecedentes

398 1549 460 1598 non
476 1533 683 1598 reducuntur:
700 1535 762 1598 sire
779 1543 922 1597 maneant
936 1535 969 1597 in
984 1545 1176 1616 perpetuum,
1193 1545 1227 1600 ut
1241 1545 1338 1616 terra3
1356 1539 1421 1602 sive
1433 1555 1485 1620 per

396 1631 492 1694 vitam
514 1649 613 1708 suam,
637 1641 670 1696 ut
691 1633 812 1712 plantae
834 1641 863 1696 et
884 1633 1047 1711 animaba3
1071 1636 1134 1698 sive
1158 1636 1292 1713 tandem,
1316 1646 1349 1700 ut
1370 1638 1484 1701 instru-

396 1717 499 1793 menta
522 1731 659 1810 quaevis,
677 1731 773 1795 donec
794 1748 851 1794 usu
873 1732 975 1794 attrita
990 1748 1045 1795 suo
1066 1734 1118 1796 lini
1135 1734 1234 1814 inepta
1251 1734 1392 1798 evadant.
1411 1737 1484 1800 Cum

396 1825 481 1906 ipsae
510 1829 640 1908 possint,
668 1821 926 1909 quemadmodum
955 1847 1003 1893 res
1032 1847 1251 1911 quaecumque,
1280 1832 1316 1895 ad
1346 1849 1483 1897 commu·

396 1925 527 1989 tationes
548 1926 697 2002 adhiberi,
721 1945 768 1990 ex.
792 1945 834 2008 g.
850 1937 892 1991 tot
913 1929 1005 1992 bores
1030 1929 1131 1992 dando
1156 1929 1194 1992 ad
1220 1930 1299 1994 hanc
1324 1931 1483 1995 emendam

396 2022 533 2099 domum,
551 2032 632 2105 patet
647 2026 769 2090 easdem
786 2027 827 2090 ita
843 2027 996 2090 adhibitas
1011 2027 1127 2090 nullam
1148 2027 1303 2092 includere
1321 2030 1482 2093 utilitatem

397 2124 620 2188 aestimabilem
643 2142 734 2206 supra
757 2127 871 2206 ipsum,
895 2135 967 2206 puta
990 2127 1093 2202 bourn,
1116 2127 1262 2218 ralorem.
1287 2128 1372 2191 Sicut
1391 2130 1483 2192 ctiam
1540 2180 1543 2185 .

400 2223 551 2302 cquando
566 2225 672 2288 vendis
687 2243 800 2305 equum
816 2242 870 2306 pro
883 2226 964 2303 justo
979 2226 1089 2305 pretio,
1106 2243 1168 2289 non
1183 2228 1297 2307 poteris
1315 2228 1484 2308 quidquam

398 2322 531 2402 amplius
546 2331 647 2403 petere
662 2340 717 2404 pro
730 2325 798 2404 iure
809 2324 912 2387 utendi
928 2340 1017 2404 equo,
1032 2324 1173 2404 quiahoc
1185 2335 1281 2388 totum
1294 2327 1482 2402 aestimatur,

397 2421 519 2499 quando
535 2423 712 2486 aestimatur
727 2424 813 2486 valor
826 2424 921 2503 equi»
936 2426 986 2500 (a).

438 2519 469 2582 Si
486 2536 554 2584 vero
570 2537 632 2584 non
647 2521 685 2585 ad
701 2522 789 2585 illum
805 2522 987 2586 adhibentur
1001 2539 1103 2599 usum,
1121 2524 1173 2603 qui
1194 2524 1365 2603 aequivalet
1388 2525 1482 2588 valori

395 2617 442 2679 rei
457 2619 678 2695 commutabili,
695 2620 857 2700 pleraeque
879 2619 1026 2683 inservire
1041 2630 1169 2701 possunt
1184 2621 1222 2684 ad
1238 2638 1328 2684 usum
1350 2621 1483 2702 aliquem

395 2717 442 2779 rel
458 2718 619 2786 utilitatem
641 2720 862 2784 aestimabilem
885 2737 945 2800 qua
966 2721 1051 2801 ipsae
1073 2737 1134 2784 non
1156 2729 1385 2786 consumantur.
1404 2724 1482 2804 Ergo

337 2895 339 2899 ι
395 2814 513 2879 utilitas
539 2816 603 2893 illa,
631 2825 745 2881 retento
766 2818 815 2880 ¹rei
842 2819 954 2895 ralore,
982 2819 1109 2882 seorsim
1136 2820 1223 2882 alteri
1247 2820 1339 2883 tribui
1365 2830 1479 2900 potest;

394 2914 442 2978 ox.
466 2933 496 2996 g.
520 2916 637 2979 utilitas
658 2916 768 2980 domus
789 2916 828 2980 ad
849 2917 1080 2992 habitationem,
1104 2919 1175 2997 equi
1199 2917 1237 2982 ad
1259 2919 1378 2982 itinera.
1408 2920 1482 2984 Cum

394 3015 496 3078 autern
521 3016 626 3096 negari
654 3023 784 3095 nequeat
807 3017 970 3080 utilitatem
997 3017 1082 3080 illam
1108 3034 1175 3080 esse
1199 3018 1324 3098 aliquid
1341 3020 1374 3082 in
1400 3035 1433 3082 se
1454 3028 1483 3082 et

394 3111 541 3190 objectiva
562 3112 658 3192 pretio
681 3113 883 3190 aestimabile,
905 3130 940 3177 eo
963 3115 1029 3195 ipso
1057 3116 1089 3177 tit
1111 3116 1327 3179 commutabile
1351 3133 1387 3180 ac
1413 3134 1481 3181 ven·

397 3213 502 3277 dibile.
517 3215 554 3277 lit
568 3215 601 3276 in
615 3214 674 3277 hoc
689 3213 813 3294 quidem
826 3213 1024 3277 fundamento
1035 3215 1142 3278 nititur
1153 3224 1326 3279 contractus
1337 3233 1482 3280 onerosas

288 3329 290 3333 ’
395 3312 567 3376 locationis.
587 3312 766 3386 «Quaedam
782 3329 831 3375 res
846 3321 929 3388 sunt,
946 3313 1035 3377 itas.
1053 3314 1185 3377 Thomas
1201 3316 1248 3392 (a),
1262 3331 1392 3395 quorum
1408 3333 1482 3380 usus

415 3535 420 3551 ’·
427 3521 462 3586 (I)
472 3519 521 3586 Gi,
531 3521 605 3588 apud
615 3522 762 3580 modernos
773 3524 937 3589 moralistas,
948 3525 1038 3592 (lapda
1048 3526 1082 3582 de
1091 3531 1255 3581 commodato
1264 3530 1292 3584 et
1300 3527 1334 3584 de
1343 3530 1480 3592 mentione,

394 3605 424 3661 in
436 3607 552 3662 tractatu
565 3608 597 3659 dc
608 3608 793 3662 contractione.

424 3688 458 3753 (i)
476 3687 514 3744 dl.
529 3703 563 3743 nn
576 3689 661 3754 Inoo,
674 3704 716 3755 op.
730 3705 764 3754 c,
777 3689 848 3756 disp.
862 3691 939 3752 XXV,
951 3693 1019 3748 sect.
1032 3693 1062 3755 11,
1076 3707 1104 3747 n.
1116 3692 1158 3748 to.

414 3773 459 3840 lb)
476 3772 513 3829 Cl.
533 3774 575 3826 De
592 3775 677 3838 Moto,
696 3789 724 3840 q.
744 3774 809 3831 XIII.
823 3788 848 3829 a.
860 3773 886 3839 l,
905 3789 941 3839 o.;
960 3774 1025 3831 coll.
1037 3776 1120 3841 2²92,
1138 3791 1166 3842 q.
1178 3776 1309 3842 LXXVIII,
1328 3791 1353 3834 a.
1366 3778 1392 3842 t,
1411 3793 1480 3834 c.-

393 3854 428 3908 In
440 3855 492 3908 III
500 3856 585 3920 sent,
597 3856 627 3912 D.
642 3855 762 3920 XXXVII,
776 3871 803 3922 q.
817 3857 836 3920 I,
850 3869 875 3910 a.
888 3856 914 3921 6,
927 3870 962 3921 c,
976 3858 1003 3912 S.
1014 3857 1131 3913 Thomas
1143 3858 1233 3915 innuit
1244 3859 1324 3914 aliam
1336 3860 1477 3923 radonem,

392 3949 475 4002 quam
492 3940 583 3993 tamen
600 3951 656 3993 non
674 3936 802 4002 admittit,
822 3952 885 3994 cnm
904 3939 1005 3994 scribat
1024 3958 1031 3994 ε
1048 3939 1183 4006 «quidam
1201 3939 1306 4004 dicunt,
1325 3942 1399 4008 quod
1419 3942 1477 3998 ideo

393 4019 536 4083 pecuniam
549 4033 599 4085 pro
610 4024 687 4076 certo
699 4020 777 4076 lucro
789 4020 940 4077 concedere
951 4020 1089 4091 nonlicet,
1099 4023 1172 4078 sicut
1182 4021 1295 4079 domum
1307 4027 1356 4080 aut
1367 4039 1476 4092 equum

392 4098 436 4154 vel
456 4100 507 4156 alia
529 4099 695 4168 hujusmodl,
717 4101 782 4169 quia
803 4115 918 4169 pecuum
938 4117 994 4159 non
1009 4104 1198 4161 'deterioratur
1217 4118 1252 4161 ex
1270 4119 1333 4170 usu,
1352 4107 1400 4163 sad
1418 4108 1478 4161 aab

392 4181 471 4234 reboo
483 4184 584 4248 aliquid
600 4187 705 4250 deperit
722 4199 757 4238 ex
775 4199 834 4240 usn.
853 4185 905 4242 Sed
924 4186 975 4241 ista
993 4187 1062 4242 ratio
1080 4201 1133 4240 non
1151 4193 1191 4240 est
1208 4190 1358 4254 ponerem,-
1375 4189 1439 4258 quia
1450 4189 1477 4243 in
