3242 4959
402 429 464 499 tet
558 437 562 446 '
777 449 1081 496 nominassemus.
1099 451 1120 496 1.

445 611 556 674 Annon
576 610 705 691 proinde
726 609 906 677 ltndemann
928 619 1008 677 esset
1022 609 1261 686 assentiendum,
1278 608 1441 674 affirmanti
1463 615 1492 672 et

403 723 516 790 magna
543 709 725 774 eruditionis
750 709 831 773 mole
858 709 998 790 probanti
1024 710 1179 775 notionem
1207 708 1352 791 pecuniae
1378 707 1492 772 indea

402 903 540 960 cambium
552 903 589 960 ita
600 903 728 970 explicita
740 908 943 972 agnosceretur.
955 919 1046 962 aunon
1057 907 1139 962 etiam
1150 905 1309 974 applicanda
1320 909 1394 962 esset
1405 907 1493 958 motui

404 987 631 1053 contractuiouo
637 988 753 1054 pecunia
763 988 971 1045 itaeredaturut
978 989 1256 1054 postdeterminatum
1263 991 1372 1054 tempus
1379 987 1491 1054 recipia-

404 1069 469 1123 turt
479 1096 513 1105 —
523 1069 660 1136 Imprimis
675 1069 825 1126 notandum
842 1072 884 1127 est
902 1084 958 1127 uon
976 1071 1083 1138 plenam
1095 1085 1155 1127 esse
1171 1071 1316 1137 utriusuue
1333 1072 1492 1126 contractus

406 1149 597 1226 aequalitatem
610 1169 616 1206 :
629 1165 694 1207 cum
711 1151 848 1208 cambium
866 1152 960 1217 locale,
976 1166 1056 1209 secus
1067 1166 1099 1209 ac
1110 1157 1248 1217 mutuum,
1261 1154 1398 1218 supportat
1410 1165 1490 1218 pecu-

405 1231 479 1286 niam
490 1245 551 1288 esse
562 1233 636 1296 atati,
648 1233 754 1288 etiamsi
768 1235 795 1288 in
813 1234 907 1290 eadem
920 1235 1031 1301 regione
1042 1234 1085 1296 t'cl.
1100 1235 1217 1299 Lussrus,
1230 1250 1271 1300 ep.
1284 1249 1319 1297 c..
1333 1234 1351 1290 l.
1364 1236 1396 1297 ΙΙ,
1410 1247 1434 1290 c.
1447 1232 1489 1296 93,

404 1312 472 1368 dub.
484 1314 509 1378 1,
522 1330 551 1370 n.
563 1315 606 1380 33.
618 1317 667 1372 ubi
683 1321 711 1372 et
726 1317 879 1372 errnnun
897 1324 925 1374 et
943 1318 1137 1374 llourusrctuuu
1154 1318 1252 1385 allegat
1268 1320 1364 1376 eontra
1382 1318 1488 1381 Serum

404 1409 440 1451 nn
452 1397 536 1464 Luco,
549 1413 591 1462 op.
603 1399 722 1465 c.,.disp.
736 1400 846 1465 ltltvttt,
856 1403 923 1456 sect.
936 1401 978 1464 lll,
991 1415 1019 1455 n.
1032 1401 1074 1465 56,
1089 1401 1136 1456 ubi
1148 1400 1251 1456 multos
1262 1403 1393 1467 patronos
1404 1399 1491 1460 affertl

406 1480 617 1546 recuperandam
631 1483 753 1538 :etenim
771 1483 829 1538 sive
847 1483 875 1537 in
892 1483 1009 1540 diversis
1022 1485 1122 1549 regnis.
1136 1484 1193 1540 sive
1204 1485 1309 1540 «etiam
1328 1484 1399 1538 intra
1418 1482 1491 1540 idem

403 1575 530 1628 mnium,
549 1562 672 1629 trajectio
690 1564 770 1620 realis
788 1565 877 1630 pretio
895 1565 965 1622 solet
982 1566 1152 1631 compensari
1170 1563 1334 1631 agasonibus
1353 1566 1382 1620 et
1402 1565 1491 1630 pretio

404 1643 486 1710 digna
506 1648 558 1708 est,
577 1646 737 1712 praesertim
757 1647 781 1701 si
802 1647 964 1702 interveniat
983 1649 1065 1703 etiam
1085 1646 1251 1703 assecuratio
1270 1645 1403 1712 pecuniae
1420 1644 1491 1701 dele

403 1726 505 1783 rendae
518 1746 525 1782 ι
537 1741 604 1794 ergo
615 1730 643 1783 et
654 1727 778 1793 traiectio
795 1728 921 1784 virtualis
938 1742 1002 1784 cum
1019 1730 1221 1785 assecuratione
1239 1728 1319 1794 digna
1337 1727 1420 1783 etiam
1438 1727 1492 1783 erit

404 1809 503 1874 pretio,
516 1810 640 1876 quamvis
652 1824 708 1865 non
719 1814 805 1873 tanto,
818 1811 890 1866 sicut
907 1810 941 1867 ad
959 1811 1019 1866 loca
1036 1814 1112 1867 extra
1131 1825 1277 1878 rognum...
1290 1811 1322 1866 Et
1333 1809 1387 1866 hoc
1399 1809 1492 1865 forsan

404 1891 491 1949 voluit
512 1893 602 1956 Sotus,
621 1892 669 1958 pul
690 1892 742 1948 lroc
762 1893 939 1949 corollarium
959 1907 1072 1960 negasse
1091 1893 1237 1960 aliquando
1257 1892 1397 1949 uidetur...
1410 1907 1427 1938 a
1447 1893 1491 1956 (nn

404 1973 489 2037 Luco,
501 1973 560 2037 da).

437 2056 488 2112 Sed
503 2058 626 2123 Quemvis
636 2056 745 2114 'nonsit
758 2059 837 2125 plena
849 2060 994 2125 utriusque
1012 2060 1168 2113 contractus
1184 2057 1319 2124 munatio.
1337 2057 1491 2114 similitudo

403 2140 493 2194 tamen
513 2140 727 2208 habdomadae
748 2142 810 2197 illos
831 2146 957 2198 auctores
978 2141 1062 2197 latere
1082 2155 1137 2196 non
1157 2141 1322 2206 poteratur
1343 2154 1438 2197 revera
1456 2154 1492 2196 ex

403 2221 528 2287 professo
541 2223 683 2290 inquirunt
697 2229 801 2289 utrum,
813 2225 840 2279 in
852 2229 993 2280 contractu
1007 2238 1051 2279 mu
1057 2224 1104 2284 tui.
1117 2225 1231 2289 pecunia
1241 2224 1269 2277 in
1279 2221 1405 2279 futurum
1415 2236 1491 2279 recu·

403 2305 521 2370 peranda
542 2321 596 2362 non
617 2307 703 2372 possit
724 2307 817 2362 haberi
839 2307 990 2363 seeundum
1013 2307 1133 2362 valorem
1154 2307 1193 2361 rei
1214 2305 1375 2370 naturalem,
1389 2310 1417 2361 et
1435 2320 1491 2362 uon

402 2388 493 2444 solum
511 2389 662 2445 seeundum
681 2390 801 2446 valorem
820 2391 942 2457 legalem.
958 2391 994 2446 ita
1012 2393 1044 2446 ut
1061 2393 1189 2445 mutuum
1202 2389 1349 2445 reducatur
1360 2389 1445 2444 etiam
1456 2389 1490 2444 ad

403 2472 480 2537 euasi
498 2472 871 2538 emptionem-venditionem.
889 2473 921 2528 Ut
942 2472 1040 2528 melius
1060 2472 1136 2528 notio
1155 2472 1286 2537 pecuniae
1299 2472 1489 2537 perspiciatur,

405 2553 494 2617 primo
510 2553 625 2608 videnda
642 2557 684 2609 est
702 2553 805 2610 solutio
823 2554 856 2609 ab
875 2554 1034 2610 auctoribus
1050 2555 1199 2619 proposita,
1218 2568 1282 2609 cum
1294 2568 1338 2606 res
1349 2555 1492 2606 naturales

401 2637 500 2690 mutuo
516 2634 616 2690 dantur
629 2654 635 2690 :
648 2640 784 2701 ouaerunt
800 2640 891 2692 autem
911 2639 1004 2692 utrum
1024 2649 1067 2690 res
1086 2636 1141 2690 sint
1160 2635 1344 2691 restituendae
1354 2637 1384 2688 in
1396 2639 1491 2688 eadem

402 2731 587 2771 memorasset
599 2721 690 2772 eodem
705 2721 831 2782 pondere,
845 2719 1022 2772 abstrahendo
1041 2733 1057 2771 u
1075 2721 1167 2771 colore
1184 2719 1350 2784 computrui
1366 2731 1492 2774 crescere

401 2801 492 2867 potest
508 2799 551 2854 vel
570 2801 667 2856 minui.
681 2801 707 2856 Si
720 2801 811 2857 Soruu
830 2801 882 2865 (De
895 2802 1011 2867 justitio,
1025 2801 1052 2856 L.
1067 2800 1108 2862 vt,
1127 2816 1153 2867 p.
1172 2801 1197 2863 1,
1213 2814 1238 2855 a.
1257 2801 1282 2862 1)
1298 2804 1326 2855 et
1337 2799 1491 2856 dinoscunt

399 2883 489 2946 (tract.
500 2885 530 2946 tl.
540 2899 564 2940 c.
575 2887 616 2948 lll,
628 2886 694 2942 dub.
704 2885 746 2952 90,
756 2886 844 2942 concl.
855 2886 880 2947 1)
888 2889 916 2941 et
924 2885 1057 2953 quosdam
1067 2884 1135 2940 alios
1144 2885 1273 2950 excipias,
1284 2885 1331 2951 oui
1340 2888 1491 2951 generatim

401 2966 588 3022 affirmandum
598 2981 659 3024 esse
666 2972 819 3032 autumant,
830 2972 955 3024 statuunt
965 2968 1148 3024 communiter
1159 2987 1165 3022 :
1176 2970 1204 3022 10
1214 2967 1407 3023 contrahentes
1419 2968 1491 3024 inter

402 3061 432 3104 se
443 3047 517 3103 licite
529 3050 627 3113 pacisci
641 3053 671 3105 ut
683 3064 727 3106 res
740 3051 908 3106 retribuetur
917 3051 946 3104 in
954 3050 1048 3106 eadem
1058 3063 1184 3104 mensura
1197 3048 1239 3104 vel
1251 3048 1347 3105 eodem
1357 3049 1490 3114 pondere,

402 3130 425 3185 si
435 3129 550 3185 dubium
561 3132 598 3186 sit
609 3145 643 3186 an
655 3136 747 3198 postea
759 3135 864 3188 crescat
873 3132 914 3188 uel
925 3131 1064 3188 decrescat
1074 3131 1210 3196 rei.valor;
1223 3132 1287 3186 item
1297 3131 1370 3186 1001)
1380 3129 1490 3188 lucrum

400 3227 520 3276 cessans,
533 3215 557 3268 si
569 3217 697 3270 mutuans
716 3229 774 3270 rem
792 3219 952 3271 servaturus
964 3215 999 3270 sit
1011 3214 1044 3269 ed
1057 3217 1167 3279 tempus
1178 3229 1234 3280 uuo
1245 3217 1305 3279 ptus
1317 3213 1417 3279 valeam
1434 3215 1490 3270 imo

402 3293 431 3349 30
442 3308 598 3350 mensuram
610 3309 658 3352 seu
671 3296 779 3362 pondus
790 3297 946 3363 augendum
958 3311 1018 3353 esse
1030 3296 1163 3363 usquead
1176 3299 1294 3351 valorem
1307 3299 1488 3362 praesentem.

402 3377 425 3432 si
439 3381 531 3443 postea
545 3392 589 3434 res
600 3379 692 3436 valore
703 3383 861 3444 decreverit,
874 3383 901 3436 et
917 3381 940 3435 si
957 3386 1087 3436 mutuans
1098 3379 1217 3436 voluerit
1227 3393 1357 3445 expresse
1368 3381 1490 3433 oaorem

401 3461 512 3526 exigere
531 3480 537 3515 :
558 3461 610 3517 hoc
627 3475 691 3517 casu
710 3466 801 3519 antem
820 3478 875 3518 nou
893 3466 935 3518 est
953 3465 1080 3518 mutuum
1093 3465 1209 3526 tantum,
1223 3463 1275 3518 nisi
1292 3463 1321 3516 in
1338 3461 1489 3518 mutuando

402 3543 563 3610 respiciatur
581 3543 732 3600 lsrrmalitor
749 3559 875 3601 mensura
894 3547 994 3598 valoris
1011 3544 1055 3607 (ol.
1073 3559 1107 3599 nn
1126 3546 1211 3607 Luco.
1224 3559 1265 3610 op.
1279 3559 1312 3607 c,
1326 3544 1397 3610 disp.
1411 3544 1488 3608 XXV,

400 3628 467 3680 sect.
482 3625 534 3685 l'll.
545 3625 656 3689 η.115);
670 3640 765 3681 terum
777 3627 806 3681 10
818 3627 979 3682 doctoribus
991 3625 1137 3682 difficultas
1147 3630 1198 3689 est,
1209 3641 1273 3683 cum
1285 3626 1467 3682 volorcr'escr't
1479 3645 1489 3682 .·

401 3721 467 3844 aasz
485 3706 538 3763 hoc
556 3709 657 3774 posito,
670 3711 729 3764 tum
743 3706 852 3764 inssrus
864 3709 917 3772 (op,
930 3723 964 3772 c,
978 3708 996 3764 l.
1009 3709 1041 3772 ll,
1054 3724 1078 3764 c.
1092 3709 1133 3771 10,
1147 3709 1213 3764 dub.
1227 3709 1268 3773 tt,
1281 3724 1309 3765 n.
1322 3709 1372 3764 151
1383 3709 1417 3770 s.)
1429 3713 1488 3765 tum

401 3803 436 3844 ne
468 3800 523 3845 nco
538 3789 568 3852 (l.
582 3805 616 3854 c,
630 3805 657 3846 n.
671 3790 721 3846 118
738 3792 786 3851 ss.)
803 3794 924 3854 censent,
937 3794 970 3847 ut
981 3791 1130 3858 ateoualitas
1147 3791 1237 3848 debita
1256 3797 1390 3855 servetur,
1404 3791 1488 3858 respi-

400 3872 529 3929 ciendum
541 3887 601 3928 esse
612 3875 732 3926 valorem
751 3877 931 3939 praesentem,
944 3887 1000 3928 non
1013 3886 1077 3928 vero
1091 3887 1246 3930 mensuram
1257 3887 1306 3930 seu
1320 3873 1437 3940 pondus,
1453 3875 1488 3929 lta

401 3959 433 4010 ut
450 3969 578 4011 mensum
596 3969 644 4012 seu
665 3954 773 4022 pondus
790 3957 877 4013 minui
898 3957 985 4022 possit
1002 3955 1035 4010 ad
1054 3957 1244 4022 aequalitatem
1262 3955 1372 4014 valoris.
1389 3956 1427 4012 Ex
1445 3956 1488 4012 his

399 4041 513 4102 apparet
533 4037 702 4093 fundamenti
725 4039 811 4092 instar
830 4051 891 4094 esse
911 4037 1087 4104 principium.
1100 4038 1175 4104 cuod
1194 4038 1299 4094 ratione
1316 4039 1406 4094 mutui
1426 4038 1487 4104 puri

402 4135 419 4165 c
431 4123 596 4173 tantumdem
615 4119 738 4186 eiusdem
756 4109 857 4185 speciei
876 4122 904 4176 ot
922 4119 1052 4176 bonitatis
1071 4119 1240 4177 reddendum
1259 4121 1295 4176 sit
1306 4135 1322 4166 »
1339 4121 1383 4196 los
1401 4119 1486 4185 Luco,

401 4203 422 4256 l.
434 4217 469 4265 a,
482 4216 509 4258 n.
523 4202 590 4268 teat,
603 4217 652 4259 seu
665 4222 681 4252 «
689 4204 717 4258 in
729 4206 827 4259 mutuo
840 4203 915 4259 nudo
927 4217 984 4259 non
995 4203 1112 4270 spectari
1124 4204 1312 4270 aequalitatem
1325 4204 1486 4272 pretiorum,
