3242 4959
467 430 530 476 cur.
548 431 581 476 u.
598 429 636 476 na
651 429 815 476 conrnucru
831 429 955 475 cneoru.
1194 412 1255 476 095

166 610 237 660 oum
252 593 563 670 00010110100110,0111
587 593 624 658 de
646 593 707 658 alto
728 603 826 658 status
850 590 986 658 dominio
1007 593 1117 673 agitur.
1135 594 1256 657 Etenim

167 691 205 756 de
230 692 417 773 negligentia
441 692 488 756 vel
515 690 1179 770 011010001100110011111,001001100010
1202 707 1257 771 per

167 789 248 854 viam
274 789 402 854 loenoris
429 789 654 864 transferretur,
678 805 740 852 non
766 797 813 852 est
840 789 991 868 quaestio;
1015 804 1072 853 nec
1094 789 1194 870 magis
1218 789 1255 854 de

164 889 256 954 titulo
285 889 388 970 aliquo
418 889 560 966 naturali,
593 889 684 952 etiam
711 888 858 962 colorato,
885 904 921 952 ex
947 896 1032 968 parte
1055 887 1217 950 0001111010
1244 906 1252 951 :

165 996 294 1068 uterque
323 988 504 1052 contrahens
532 995 655 1051 econtra
680 987 810 1067 supponi
837 996 936 1067 potest
961 987 1067 1049 intime
1091 1002 1255 1066 persuasus

165 1091 336 1154 eucarium
352 1108 387 1154 ex
401 1091 467 1169 jure
482 1101 618 1163 naturae,
637 1089 841 1153 abstrahendo
856 1107 874 1153 a
888 1094 1002 1153 statuto
1018 1089 1094 1169 legis
1110 1089 1252 1169 positivo,

45 1164 46 1242 Ϊ
163 1204 232 1251 0000
247 1205 312 1254 1001
328 1188 502 1252 mutuatarii
515 1198 617 1251 01000
631 1187 767 1262 01101100,
783 1204 837 1252 seu
852 1188 1065 1267 aequalitatem
1080 1197 1254 1251 contractus

164 1289 336 1352 naturalem
362 1290 458 1352 solius
484 1288 575 1351 sortis
600 1289 797 1352 retributione
826 1288 954 1353 absolvi.
990 1288 1074 1353 Unde
1104 1305 1139 1352 ex
1170 1299 1254 1368 parte

163 1385 315 1449 debitoris
343 1386 449 1452 titulus
478 1386 586 1467 legalis
615 1386 790 1449 nullatenus
818 1387 973 1450 reducitur
1006 1386 1043 1450 ad
1073 1395 1254 1468 potestatem

165 1484 351 1566 legislatoris
373 1486 557 1566 generalem,
581 1493 611 1547 et
635 1501 672 1548 ex
693 1494 778 1564 parte
799 1485 958 1549 creditoris
983 1503 1044 1550 non
1069 1494 1168 1566 potest
1193 1485 1253 1549 0101

43 1613 45 1652 1
163 1585 375 1648 auctoritatem
391 1599 565 1664 supremam
578 1583 616 1646 ad
631 1583 744 1647 bonum
760 1599 922 1647 commune
937 1586 1078 1666 supplere
1090 1585 1161 1649 lruic
1173 1584 1254 1664 quod

164 1681 309 1762 objectiva
329 1682 456 1748 deesset.
480 1683 641 1746 Enimvero
664 1681 830 1761 legislatori
853 1683 988 1747 humano
1009 1685 1052 1747 ita
1072 1685 1255 1747 tribueretur

43 1837 44 1848 ,
164 1791 299 1860 potestas
324 1781 537 1861 aequalitatem
563 1788 735 1844 contractus
760 1781 943 1855 naturalem,
968 1782 1112 1845 omnibus
1137 1793 1252 1857 notant,

43 1941 45 1968 ,
163 1879 393 1954 intervertendi,
411 1879 513 1955 idest,
530 1877 679 1942 etlrciendl
695 1888 728 1942 ut
746 1879 916 1959 aequalitas
931 1895 1008 1958 quae
1023 1889 1092 1942 ante
1108 1890 1254 1944 statutum

163 1981 351 2043 enuntianda
382 1988 461 2044 esset
488 1997 495 2044 :
525 1981 585 2043 100
606 2009 644 2028 =
667 1979 738 2048 100.
771 1979 813 2041 011
839 1987 909 2060 post
938 1980 1034 2059 legem
1064 1980 1215 2044 conditam
1244 1998 1252 2044 :

163 2078 225 2142 100
241 2109 280 2128 =
298 2080 368 2143 105.
387 2078 478 2159 Atqui
494 2079 564 2140 talis
580 2086 713 2158 potestas
728 2093 788 2140 non
805 2078 924 2141 videtur
937 2078 1071 2141 humano
1087 2079 1254 2159 legislatori

162 2178 337 2253 tribuenda,
360 2179 506 2242 etaltum
527 2176 714 2254 0100001010
737 2175 817 2239 bona
839 2175 1010 2240 dominium
1036 2193 1168 2256 eousque
1192 2193 1252 2239 non

163 2276 533 2341 videturextendendum.

204 2378 237 2441 Si
259 2378 292 2439 10
313 2377 426 2458 duplici
449 2379 628 2458 aequatione
650 2377 740 2441 modo
760 2377 947 2456 J'uxtaposita
969 2376 1254 2452 0101010010,ουίῆ-

163 2486 246 2539 ceret
256 2484 392 2557 apertam
408 2477 676 2541 contradictionem
692 2476 939 2539 mathematicam
952 2475 1132 2539 ostendisse.
1142 2476 1253 2538 Verum

164 2575 195 2637 ln
211 2576 317 2640 eadem
334 2592 424 2640 nona
440 2577 533 2658 priori
549 2576 718 2640 sistendum
732 2585 789 2639 est.
804 2578 910 2639 Posset
926 2576 1008 2639 enim
1024 2576 1115 2656 objici
1131 2578 1253 2640 titulum

164 2674 295 2756 legalem
311 2676 433 2739 nonnisi
450 2676 487 2740 ad
504 2676 618 2740 bonum
633 2675 785 2738 societatis
800 2674 903 2750 statui,
921 2675 1038 2740 scilicet
1052 2683 1084 2738 ut
1104 2692 1253 2739 commer-

161 2775 246 2838 cium
261 2774 409 2849 foveatur,
426 2782 503 2838 0101
518 2789 709 2855 possessores
731 2771 770 2835 ad
791 2773 993 2836 mutuandum
1015 2774 1182 2836 excitentur
1199 2791 1206 2836 :
1224 2779 1255 2836 et

160 2872 205 2936 'ita
226 2873 377 2936 indirecte
397 2873 542 2955 obligatio
565 2871 740 2936 mutuatarii
763 2870 865 2934 foenus
886 2871 1039 2936 tribuendi
1061 2880 1198 2953 vergeret
1220 2874 1252 2936 10

164 2971 263 3052 ipsius
278 2972 451 3046 utilitatem,
469 2989 503 3036 eo
520 2972 565 3034 vel
582 2971 681 3052 magis
695 2970 777 3050 quod
793 2971 819 3032 si
834 2971 901 3050 ipse
916 2970 1025 3034 deinde
1048 2973 1100 3034 liat
1123 2971 1254 3036 creditor

164 3070 249 3135 idem
272 3079 417 3135 statutum
444 3071 502 3152 ipsi
529 3071 619 3134 etiam
645 3069 759 3134 directe
773 3069 897 3145 'faveat3
923 3071 1002 3134 unde
1024 3087 1085 3134 non
1114 3072 1253 3136 absolute

165 3187 269 3234 verum
286 3179 332 3233 est
348 3187 356 3233 :
373 3170 433 3233 100
448 3200 487 3222 =
504 3169 575 3233 105.

204 3270 358 3350 Attamen,
376 3268 526 3349 quidquid
541 3269 581 3331 sit
595 3268 632 3332 de
644 3268 702 3332 bae
718 3268 895 3348 quaestione
910 3285 949 3330 an
965 3268 1078 3332 bonum
1094 3267 1252 3348 publicum

165 3385 300 3448 unquam
315 3368 374 3432 tale
391 3376 536 3432 statutum
551 3368 671 3448 exigere
686 3368 794 3449 possit,
809 3384 913 3430 verum
929 3377 1032 3431 manet
1047 3368 1081 3430 in
1096 3367 1254 3449 11000100-

165 3469 244 3531 scoti
264 3468 367 3531 mutui
388 3473 546 3532 contractu
567 3469 699 3549 supponi
727 3469 785 3530 105
811 3466 957 3530 solvenda
983 3483 1049 3530 esse
1074 3484 1111 3530 ex
1134 3467 1252 3546 justitia

165 3583 219 3645 pro
235 3567 308 3642 100,
325 3574 354 3630 01
368 3566 492 3646 quidem
509 3567 575 3631 ideo
595 3566 740 3632 solvenda
761 3565 842 3646 quod
865 3569 884 3630 5
907 3565 1075 3630 formaliter
1096 3583 1150 3646 per
1174 3567 1251 3648 legis

165 3672 322 3741 statutum,
340 3665 406 3729 sinc
426 3665 533 3744 quovis
555 3666 616 3729 alio
638 3665 726 3728 titulo
748 3665 892 3740 naturali,
911 3666 984 3727 liant
1005 3665 1140 3728 alterius.
1157 3666 1251 3745 Atqui

166 3761 309 3842 tale'quid
323 3779 383 3826 non
398 3763 518 3827 uidetur
532 3762 740 3826 asserendum.
756 3763 876 3825 Etenim
888 3771 958 3825 ante
970 3763 1072 3825 omnia
1085 3762 1252 3824 notandum

166 3870 211 3925 est
231 3858 281 3941 agi
306 3860 343 3925 de
364 3866 532 3936 contractu,
556 3862 608 3943 qui
632 3860 835 3926 essentialiter
856 3860 1049 3924 consistitin
1076 3876 1251 3922 «conscisso

157 3947 348 4024 'duorumvet
358 3959 492 4041 plurium
500 3961 579 4024 01100
591 3960 672 4025 idem
683 3961 829 4041 placitum
840 3983 868 4035 s,
879 3959 931 4039 qui
944 3958 1038 4040 igitur
1048 3959 1252 4022 essentialiter

157 4060 320 4130 ‚ooloototc
335 4058 577 4122 contrahentium
593 4058 697 4142 initur.
714 4061 754 4123 At
769 4058 807 4128 si,
825 4074 862 4120 ex
877 4057 944 4138 lege
959 4057 1053 4134 011111,
1071 4059 1090 4121 5
1110 4055 1251 4121 creditori

168 4167 268 4223 essent
283 4159 453 4236 tribuenda,
471 4159 581 4229 101101
597 4175 652 4240 pro
667 4161 729 4240 1100
739 4166 823 4242 parte
839 4158 938 4222 locum
955 4165 1069 4222 teneret
1086 4159 1252 4237 voluntatis
