3242 4959
425 444 491 509 l28
800 462 873 507 runs
887 462 1009 508 aarum.
1026 462 1105 508 suar.
1122 461 1144 507 1.

426 625 589 690 dicendum
605 625 724 690 videtur
736 629 785 705 (ιη
803 627 917 691 etenim
932 627 974 704 itp
987 644 1049 691 non
1063 633 1110 691 est
1120 625 1267 702 medium,
1281 627 1518 690 instrumentum
1603 619 1604 634 ¹

424 725 688 799 commutationis,
711 725 764 788 sed
785 727 864 806 ipsa,
885 742 946 806 qua
969 725 1127 789 metallum
1150 725 1327 806 pretiosum,
1351 741 1422 788 cum
1443 725 1516 796 alia,

428 839 488 903 qua
509 823 633 886 metallo
659 824 804 903 pretioso,
828 825 887 899 vel,
911 825 938 887 si
960 825 1071 905 placet,
1095 841 1156 904 qua
1179 825 1276 904 pretio
1302 831 1516 896 commutatur,

427 921 559 986 dollaria
573 937 642 985 cum
655 920 795 985 dollariis
806 923 852 986 vel
865 939 935 987 cum
950 922 1076 996 francis,
1091 921 1348 1003 quemadmodum
1364 921 1434 1002 equi
1449 936 1519 984 cum

424 1021 517 1101 equis
537 1020 585 1083 vel
607 1036 677 1083 cum
699 1021 828 1084 ovibus..
844 1023 881 1084 Et
902 1021 971 1085 ideo
990 1023 1138 1102 praecise,
1162 1022 1234 1102 quia
1255 1030 1289 1084 ut
1309 1036 1394 1084 merx
1412 1019 1519 1083 haberi

429 1127 539 1201 potest,
562 1120 648 1184 valor
672 1121 771 1200 ipsius
793 1121 953 1186 absolutus
978 1123 1087 1186 crescit
1108 1122 1153 1184 vel
1177 1120 1322 1185 decrescit
1343 1128 1434 1200 prout
1454 1135 1519 1180 me-

426 1219 539 1283 tallum
559 1218 673 1299 ipsum,
694 1234 749 1299 pro
773 1221 897 1284 raritate
916 1221 962 1284 vel
979 1221 1051 1285 aliis
1066 1220 1103 1285 de
1118 1221 1230 1297 causis
1248 1220 1318 1300 plus
1332 1220 1471 1283 minusve
1487 1218 1520 1280 fit

430 1318 598 1399 pretiosum
614 1321 661 1394 la).

474 1417 537 1479 llac
558 1415 755 1480 distinctione
781 1417 860 1480 inter
885 1419 1216 1483 monetam-metallum
1239 1435 1300 1499 qua
1325 1433 1467 1490 mercem,
1490 1424 1520 1479 et

428 1516 758 1579 monetam-metallum
774 1531 828 1579 seu
847 1517 953 1580 titulos
968 1516 1075 1581 crediti
1097 1517 1267 1582 formaliter
1281 1536 1341 1598 qua
1360 1517 1519 1599 pecuniam

427 1615 542 1695 posita,
560 1613 696 1692 ejusdem
712 1615 750 1678 ad
766 1616 895 1696 capitale
917 1617 1024 1681 relatio
1037 1618 1101 1696 jam
1121 1617 1311 1682 manifestior
1326 1617 1517 1698 perspicitur.

473 1712 539 1786 Qua
557 1729 656 1788 mera
674 1713 775 1806 ipsum
797 1714 938 1794 capitale,
956 1725 1046 1795 prout
1066 1717 1200 1796 positum
1223 1725 1280 1792 est,
1298 1717 1404 1779 intime
1419 1716 1519 1792 ingre·

431 1809 525 1885 ditur,
543 1826 613 1873 cum
629 1819 746 1891 partem
768 1812 867 1892 ipsius
889 1813 1090 1890 materialem,
1106 1831 1164 1878 nec
1178 1821 1296 1877 tantum
1317 1821 1520 1896 repraesenta·

430 1909 526 1973 tivam
542 1912 717 1975 constituat.

475 2010 540 2084 Qua
551 2011 697 2091 pecunia,
715 2028 777 2075 non
795 2011 996 2075 materialiter
1015 2012 1096 2076 idern
1116 2013 1297 2093 ingreditur,
1315 2013 1429 2092 quippe
1444 2027 1520 2092 quae

433 2108 551 2172 ratione
566 2109 646 2189 signi
662 2111 910 2191 repraesentativi
927 2111 1016 2191 plene
1031 2112 1215 2186 absolvatur,
1234 2111 1288 2174 sed
1303 2119 1427 2175 eatenus
1442 2111 1520 2191 capi·

429 2208 488 2272 tali
518 2207 662 2270 adhaeret
691 2217 841 2288 quatenus
870 2219 916 2272 est
942 2210 1064 2290 signum
1098 2211 1248 2273 honorum
1278 2209 1522 2290 productivorum

434 2309 751 2388 repraesentativum:
776 2310 829 2387 qui
851 2309 1012 2389 pecuniam
1034 2309 1181 2389 possidet,
1206 2308 1432 2389 aequivalenter
1452 2323 1522 2388 pos-

435 2406 514 2471 sidet
538 2409 669 2489 capitale
694 2418 965 2489 repraesentatum.
992 2409 1066 2472 lnde
1092 2409 1241 2489 sequitur.
1269 2408 1408 2488 quamvis
1434 2407 1524 2471 latius

435 2511 536 2586 pateat
551 2522 587 2569 ac
601 2517 766 2587 conceptus
778 2507 930 2587 capitalis,
941 2542 981 2552 -
991 2523 1061 2570 nam
1074 2507 1166 2571 etiam
1178 2507 1256 2572 hona
1270 2523 1332 2570 non
1343 2506 1381 2569 ad
1394 2506 1523 2586 produc·

468 2728 502 2792 (l)
520 2727 557 2784 Gi.
570 2726 668 2784 eodem
681 2739 762 2782 sensu
776 2726 1029 2789 Ruruuuusrunuun,
1042 2741 1083 2792 op.
1097 2742 1131 2792 a,
1145 2741 1172 2792 p.
1185 2725 1260 2780 dd-lt
1276 2744 1281 2780 :
1296 2727 1372 2781 notat
1384 2726 1524 2791 pecuniam

436 2825 518 2878 posse
535 2825 590 2878 qua
608 2823 727 2865 mercem
745 2809 866 2872 tractari,
886 2811 913 2864 et
931 2808 965 2864 de
983 2807 1054 2864 laeto
1072 2810 1109 2865 ita
1128 2809 1223 2865 haberi
1239 2809 1300 2863 «im
1317 2807 1525 2875 Bankgeschdite

433 2895 525 2950 sovvle
545 2893 701 2958 uberhaupt
722 2892 766 2948 bei
787 2892 988 2958 eingerisseuer
1009 2891 1169 2958 dgiotage»,
1191 2905 1222 2947 ae
1243 2905 1351 2957 semper
1374 2894 1401 2946 et
1425 2891 1524 2957 ubique

432 2977 606 3032 contractum
617 2974 715 3030 cambii
729 2973 889 3030 distinctum
902 2973 988 3029 luisse
1003 2987 1018 3028 a
1037 2975 1178 3028 contractu
1191 2971 1523 3039 emptionis-venditionis.

434 3059 510 3123 {luae
521 3058 602 3112 altam
614 3057 757 3112 veritatem
769 3057 921 3120 continent,
934 3058 962 3110 et
980 3056 1007 3109 in
1024 3055 1203 3123 sequentibus
1214 3056 1324 3111 venient
1342 3054 1523 3111 memoranda.

437 3142 545 3201 Atvero,
559 3139 583 3194 si
597 3139 625 3193 ln
637 3138 744 3193 cambio
763 3151 817 3192 una
834 3150 868 3192 ex
886 3137 1009 3201 pecuniis
1021 3137 1184 3203 permutatis
1195 3136 1343 3192 haberetur
1354 3140 1385 3192 ut
1398 3137 1523 3203 pretium,

435 3219 512 3286 quod
532 3219 592 3274 deri
611 3222 703 3284 posset
715 3220 743 3274 et
761 3218 828 3273 olim
846 3216 948 3274 iactum
967 3221 1018 3283 est,
1031 3218 1168 3273 cambium
1180 3221 1252 3274 esset
1264 3221 1341 3283 qztast
1352 3218 1525 3285 emptio-ven·

436 3300 518 3356 ditio.

432 3397 435 3402 ·
472 3382 506 3446 (p)
523 3381 605 3437 valor
625 3382 671 3438 ille
691 3382 798 3437 varians
820 3395 870 3447 pro
892 3381 997 3437 minore
1020 3380 1062 3437 vel
1086 3379 1188 3447 majore
1212 3381 1322 3436 raritate
1345 3379 1524 3440 metallorum.

437 3464 544 3521 scilieet
556 3465 670 3530 argenti,
683 3465 725 3520 vel
739 3463 821 3519 simul
841 3464 901 3519 auri
920 3466 947 3518 et
965 3457 1079 3530 argenti,
1092 3463 1236 3518 manifeste
1253 3466 1295 3518 est
1312 3462 1387 3518 valor
1400 3463 1526 3527 pecuniae

438 3547 586 3611 adeotatus,
609 3549 637 3602 et
657 3560 727 3608 non,
749 3545 852 3601 directe
876 3545 986 3610 saltem,
1012 3544 1150 3600 relativus.
1175 3545 1418 3600 Rurcummrrauun
1439 3543 1469 3607 (t.
1493 3540 1525 3605 e.)

437 3630 554 3695 insuper
565 3641 600 3684 ex
611 3642 644 3684 eo
656 3628 731 3694 quod
743 3627 884 3683 notionem
904 3627 1035 3692 pecuniae
1052 3641 1108 3682 non
1127 3630 1170 3683 est
1187 3627 1215 3681 in
1232 3627 1324 3682 valore
1337 3627 1423 3693 ipsius
1436 3626 1527 3682 intrin-

439 3725 512 3777 seco,
526 3711 652 3777 explicat,
666 3712 729 3777 post
740 3709 851 3764 Wmsua
865 3708 1093 3772 (Rechtsteaca'tron,
1106 3709 1222 3764 verbum
1234 3709 1381 3774 Dorieon),
1392 3706 1525 3776 quomodo

436 3793 501 3848 uim
514 3791 587 3848 Falla
601 3806 656 3847 von
672 3790 977 3856 lilinzveranderungen
995 3790 1039 3846 bei
1059 3789 1108 3846 der
1125 3785 1321 3856 Rdokzahlung
1332 3803 1386 3846 von
1399 3790 1526 3845 ilurlehen

442 3875 515 3931 nicil
527 3877 576 3932 der
587 3877 683 3929 innare
695 3874 816 3930 sondern
834 3888 888 3929 nur
905 3873 955 3929 der
973 3875 1083 3929 iussere
1094 3873 1190 3929 Werth
1208 3873 1258 3928 der
1273 3873 1387 3929 lliinzen
1399 3871 1526 3928 entsehei·

442 3959 497 4023 det,
517 3957 609 4015 indem
628 3957 674 4013 dle
691 3957 805 4012 llilnzen
824 3970 877 4012 nur
895 3971 928 4012 zu
948 3955 1011 4012 dem
1029 3957 1120 4012 Preise
1139 3957 1167 4010 in
1185 3955 1311 4011 Betracht
1328 3956 1465 4019 lmmmen,
1482 3953 1526 4009 der

443 4041 527 4097 lhnen
549 4054 604 4096 von
626 4039 676 4096 der
699 4039 888 4104 Staatsgevvall
908 4039 1044 4105 heigelegt
1067 4040 1110 4103 ist,
1134 4038 1190 4095 und
1214 4038 1304 4095 dieser
1326 4038 1380 4095 den
1403 4039 1527 4094 ausseren

442 4122 538 4178 Warth
551 4121 646 4178 bildel.
655 4136 671 4166 »
682 4119 719 4177 dl.
733 4120 885 4187 quae-inira
894 4120 965 4186 luap.
976 4121 1008 4179 ll)
1017 4119 1130 4176 dicenda
1143 4124 1208 4177 sunt
1220 4120 1255 4177 de
1266 4120 1360 4178 eadem
1373 4121 1526 4188 quaestione

445 4219 463 4261 a
475 4205 635 4262 doctoribus
646 4205 797 4262 scolasticis
808 4205 905 4262 eodem
917 4204 1000 4261 modo
1012 4204 1110 4260 soluta.
