3242 4959
452 467 517 512 cao.
535 467 567 512 ιι.
584 467 800 516 nncoarsacro
814 468 941 516 mmm.
1176 451 1241 518 Ἢ

151 625 277 692 domum
302 628 349 692 vel
374 643 483 708 agrum
507 626 700 692 lruclilerum
723 645 836 700 emere,
860 631 906 694 vel
931 631 1123 712 [praesertim
1147 634 1245 709 uuncl

150 725 356 806 negotiatione
383 725 467 790 licite
487 725 574 790 alind
597 725 718 790 lucrum
738 743 920 807 quaerere»
945 731 992 806 (tl.
1019 728 1242 810 luquireudum

150 832 252 888 autem
267 833 314 888 est
326 823 523 905 quandonam
536 825 656 890 lucrum
671 824 748 890 illud
762 843 888 892 mssans
901 827 943 891 sit
955 828 1038 906 juste
1057 844 1239 908 compensa·

149 925 212 989 bile
226 941 264 988 ac
279 925 539 1006 compensandum
557 944 565 990 :
582 937 613 990 et
626 926 696 991 iden
710 928 843 993 multum
857 928 949 994 relert
968 937 1003 992 ut
1023 929 1243 994 deoermiueorr

151 1025 184 1084 1⁰
198 1024 236 1088 de
250 1041 384 1104 quanam
397 1026 565 1102 colantotc,
581 1026 615 1090 2⁰
628 1026 667 1091 de
681 1043 815 1106 quanam
826 1028 1033 1108 possibilitate
1052 1045 1090 1092 ex
1110 1028 1241 1109 pecuma

149 1123 290 1188 lucrandi
304 1133 423 1205 agatur,
435 1133 467 1188 et
480 1125 514 1188 3⁰
527 1140 662 1204 quonam
676 1125 770 1189 modo
784 1126 903 1190 lucrum
915 1125 952 1188 ob
962 1133 1104 1190 naccam
1119 1142 1244 1191 cessare

150 1221 269 1286 debeat.
287 1224 443 1304 lmprimis
458 1223 555 1303 liquet
568 1234 690 1304 pactum
705 1224 871 1304 positicrrm
885 1224 924 1288 de
938 1225 1023 1289 lucro
1041 1234 1180 1290 cessame
1194 1241 1245 1288 re-

150 1323 243 1404 quiri,
256 1322 380 1403 quando
392 1324 511 1387 lucrum
523 1339 585 1386 non
596 1324 685 1402 quasi
697 1325 899 1388 communiter
908 1325 949 1389 ob
959 1325 1108 1389 creditum
1120 1332 1237 1390 cessat:

149 1429 223 1485 tunc
238 1422 322 1484 enim
338 1422 459 1486 debitor
482 1423 687 1502 praesumitur
704 1422 808 1486 omnia
826 1423 1005 1497 retribuere,
1024 1432 1137 1486 sortem
1151 1422 1239 1486 retri-

148 1519 283 1594 buendo,
293 1520 424 1600 ideoque
434 1520 561 1601 speciali
572 1537 608 1584 ac
618 1521 762 1601 explicito
775 1521 867 1584 modo
878 1520 916 1586 de
928 1521 1012 1586 lucro
1022 1521 1241 1602 paciscendum

150 1627 208 1691 est,
221 1635 257 1682 eo
269 1619 315 1682 vel
328 1620 429 1697 magis
438 1619 520 1697 quod
535 1619 749 1693 mutuatarius,
766 1618 793 1680 si
809 1619 950 1684 scivisset
962 1619 1022 1682 tale
1033 1627 1155 1700 pactum
1166 1617 1240 1684 addi

149 1715 312 1796 implicite,
327 1716 437 1780 merito
451 1715 556 1780 forsan
570 1732 648 1778 onus
661 1716 758 1779 debiti
772 1717 929 1797 suscipere
951 1717 1110 1780 noluisset.
1127 1718 1242 1780 Verum

149 1813 189 1878 ab
203 1815 266 1878 alia
280 1824 376 1895 parte.
394 1823 491 1878 status
510 1815 664 1878 societatis
683 1816 889 1878 oeconomicus
907 1815 980 1879 talis
994 1815 1113 1896 concipi
1127 1823 1241 1896 potest,

149 1923 183 1977 ut
205 1914 259 1993 qui
280 1914 372 1978 babet
392 1914 579 1978 voluntatem
601 1930 637 1976 ex
658 1915 786 1994 petuma
811 1926 896 1978 extra
920 1924 1061 1978 mutuum
1087 1913 1243 1991 lucrandi,

149 2014 243 2076 etiam
258 2029 359 2076 ueram
376 2013 512 2078 lucrandi
528 2030 613 2095 spem
633 2013 803 2094 possideat,
821 2024 852 2076 et
872 2030 941 2078 cum
964 2014 1099 2087 universi
1120 2014 1242 2078 lucrum

148 2111 228 2174 velle
243 2121 486 2192 praesumantur,
503 2112 668 2177 dummodo
683 2128 755 2192 spes
779 2113 871 2185 adsit,
889 2113 920 2175 in
938 2122 1019 2176 statu
1041 2112 1094 2176 tali
1115 2128 1239 2177 oecono-

149 2210 230 2273 mico
252 2210 371 2274 lucrum
392 2227 517 2274 cessam
535 2212 599 2290 jam
621 2226 676 2290 pro
697 2211 843 2274 omnibus
863 2211 1092 2291 praesumitur:
1110 2211 1241 2290 ideoque

149 2309 241 2372 etiam
257 2319 378 2388 paetum
393 2309 431 2372 de
446 2309 553 2374 eodem
567 2310 784 2388 praesumitur,
802 2326 839 2372 ac
851 2310 1062 2372 aestimatione
1082 2309 1241 2372 communi

148 2413 212 2470 mm
234 2405 418 2470 creditorum
440 2423 532 2486 quam
554 2404 725 2470 debitorum
747 2406 930 2487 implicitum
951 2406 1091 2470 babetur.
1108 2408 1146 2470 Et
1165 2415 1242 2470 tunc

149 2506 291 2584 quamvis
306 2521 367 2568 non
379 2506 443 2583 jann
464 2514 601 2584 oporteat
623 2514 655 2568 ut
679 2505 808 2586 positive
830 2506 862 2567 in
882 2514 1073 2568 antecessum
1094 2505 1132 2569 dc
1154 2506 1238 2570 lucro

149 2603 302 2686 probabili
317 2614 453 2668 cessante
467 2613 586 2684 agatur,
604 2612 736 2666 attamen
751 2612 869 2683 oportet
883 2612 917 2666 ut
936 2604 1043 2668 titulus
1063 2604 1128 2680 ille,
1144 2604 1240 2668 modo

148 2700 251 2765 debito
266 2701 448 2775 intellectus,
462 2717 565 2764 revera
576 2700 721 2777 objective
732 2699 814 2763 adsit
828 2717 835 2762 :
849 2701 973 2777 etenim,
983 2701 1014 2766 si
1027 2716 1089 2765 non
1103 2700 1238 2780 adesset,
1273 2696 1278 2709 '

148 2810 273 2881 pactum
294 2801 478 2881 implicitum
498 2807 580 2863 esset
600 2801 681 2863 circa
702 2800 820 2879 aliquid
841 2799 1020 2877 inexistens
1037 2800 1069 2864 id
1088 2810 1134 2864 est
1153 2817 1236 2865 com·

148 2903 341 2984 pensandum
355 2911 435 2965 esset
449 2900 530 2981 quod
546 2917 649 2964 revera
664 2917 725 2964 non
738 2910 819 2964 esset
833 2902 1071 2982 compensabile.

190 3001 389 3076 Quandonam
402 3001 495 3080 igitur
506 2999 591 3062 adest
603 3001 722 3063 lucrum
733 3017 857 3064 cessans
869 3001 906 3064 de
917 3017 978 3081 quo
986 3001 1103 3079 justum
1115 3009 1237 3082 pactum

149 3100 213 3164 sive
225 3099 401 3180 explicitum
412 3099 475 3161 sive
487 3098 670 3178 implicitum
681 3099 848 3164 habeatur?
861 3100 1070 3164 communiter
1082 3100 1120 3165 ab
1135 3108 1237 3164 aucto·

149 3198 235 3262 ribus
263 3197 329 3260 aevi
358 3198 443 3260 aurei
471 3208 532 3260 tres
561 3197 752 3262 conditiones
776 3209 931 3278 ponuntur
956 3199 1137 3279 praecipuae
1166 3201 1237 3277 (elz

149 3469 268 3534 tempus,
289 3468 414 3535 quamvis
433 3469 588 3531 minimum,
610 3481 660 3534 per
679 3467 753 3535 quod
778 3470 887 3533 tempus
909 3471 1048 3531 mutuum,
1067 3481 1103 3524 ex
1125 3467 1239 3534 antiqua

149 3548 282 3613 doctrina,
295 3565 406 3615 prorsus
424 3553 572 3617 protectam
591 3557 667 3605 esset.
680 3551 711 3606 Et
729 3550 766 3605 ita
784 3563 843 3626 rem
861 3563 892 3606 se
910 3549 1040 3606 babuisse
1057 3563 1112 3605 non
1130 3551 1239 3605 butum

149 3631 299 3690 theoretice
310 3632 452 3688 sedetiam
466 3633 592 3698 practice,
606 3632 738 3691 docemur
755 3646 790 3688 ex
808 3631 886 3688 factis
897 3647 968 3700 puae
979 3633 1009 3688 G.
1021 3634 1097 3688 Yvnn
1108 3646 1142 3689 ex
1153 3631 1236 3688 docu-

149 3716 249 3772 mentis
269 3716 341 3772 italis
360 3730 383 3772 s.
402 3717 458 3772 lllll
472 3719 505 3772 -et
526 3715 596 3771 initii
615 3730 638 3770 s.
652 3714 705 3769 XIV
726 3715 846 3781 collegit.
866 3715 904 3772 el.
926 3717 966 3770 Le
984 3729 1132 3770 commarca
1152 3721 1178 3770 cl
1197 3717 1238 3770 les

149 3800 322 3862 marciacensis,
336 3813 362 3864 p.
377 3798 427 3854 376
438 3812 475 3854 sa.

182 3880 257 3938 Unde
268 3880 459 3938 concludimus
471 3882 497 3936 S.
511 3881 651 3946 Thomam,
666 3879 838 3946 reprobando
851 3880 959 3937 lucrum
976 3894 1095 3945 cessam,
1107 3879 1240 3937 scientiae

150 3964 178 4016 et
195 3961 272 4027 praxi
284 3963 327 4017 sui
340 3963 473 4028 temporis
491 3976 546 4018 non
564 3962 723 4026 contraisse,
743 3965 770 4018 et
788 3961 931 4027 probando
948 3961 1078 4017 damnum
1094 3973 1240 4028 emergens

149 4042 231 4098 etiam
241 4047 301 4098 sinc
312 4059 399 4109 moro,
413 4045 480 4110 ipsis
492 4045 586 4111 potius
597 4045 727 4110 praeisse.

183 4126 216 4187 (l)
233 4128 270 4187 lta
283 4141 318 4182 nn
329 4128 413 4190 Loco,
428 4143 469 4192 op.
483 4142 517 4192 a,
532 4126 559 4182 d.
573 4127 649 4192 llllll,
661 4143 684 4183 s.
698 4126 738 4190 lll,
752 4139 779 4180 n.
792 4123 834 4180 86.

183 4208 216 4272 (i)
233 4208 270 4267 (ll.
284 4225 319 4266 on
331 4211 416 4276 Loco,
430 4213 450 4266 t.
463 4225 496 4276 c.,
510 4225 538 4266 n.
551 4209 592 4276 88,
606 4210 648 4274 96,
662 4210 711 4267 106
724 4229 731 4266 :
745 4210 792 4265 ubi
804 4209 906 4266 videsis
917 4209 985 4266 allos
996 4212 1132 4266 auctores.
