3242 4959
327 428 391 475 err.
409 429 430 473 r,
448 430 594 476 ramerum
608 427 755 475 scrmrrnr
771 426 976 474 oeeouotucsu.
1135 407 1195 474 tto

142 595 224 674 Ergo
240 593 371 674 capitale
386 593 479 656 etiam
495 610 555 672 qua
567 591 778 672 productivum
790 599 1035 672 repraesentatur
1046 590 1191 671 pecunia3

93 691 239 770 adeoque
255 690 385 771 pecunia
401 690 579 771 productiva
595 707 661 754 esse
677 691 776 754 debet.

142 790 262 854 Exinde
283 791 466 870 perspicitur
489 807 622 870 quonam
648 807 740 854 sensu
764 791 914 853 affirment
939 789 1099 870 pecuniam
1124 805 1191 852 esse

94 907 156 970 per
171 907 204 953 se
219 889 430 970 productivum
445 888 584 965 foenoris,
602 890 717 954 scilicet
738 907 799 954 non
824 890 891 954 ideo
914 890 987 971 quia
1008 905 1063 969 per
1080 905 1114 952 se
1139 889 1195 951 aii-

95 987 176 1068 quid
190 989 386 1069 germinaret,
403 988 457 1051 sed
474 989 546 1068 quia
561 990 689 1070 capitale
705 998 912 1069 repraesentat
926 996 956 1051 et
975 988 1047 1067 qula
1065 986 1194 1067 capitale

90 1097 147 1149 est
163 1103 264 1166 perse
280 1088 492 1167 productivum
507 1087 647 1150 auctarii.
666 1089 793 1167 insuper
808 1085 917 1150 exinde
941 1094 1023 1165 patet
1042 1083 1193 1166 quomodo

90 1194 275 1250 contractus
290 1204 396 1251 omnes
421 1188 473 1266 qui
495 1187 576 1250 circa
591 1187 691 1266 ipsum
709 1188 785 1250 tiunt
798 1186 939 1266 capitale,
957 1185 1069 1265 quibus
1084 1199 1193 1263 nempe

89 1284 245 1366 capitatis
261 1285 480 1365 productivitas
494 1302 530 1348 ac
544 1286 701 1348 circulatio
722 1285 849 1365 regitur,
866 1284 1037 1347 referantur
1058 1283 1094 1346 ad
1118 1298 1191 1346 con·

96 1393 232 1448 tractum
248 1401 308 1464 quo
323 1385 453 1464 pecunia
468 1384 611 1459 creditur,
629 1384 680 1463 qui
694 1400 745 1447 eos
760 1400 867 1447 omnes
885 1399 945 1462 qua
960 1391 1049 1463 typus
1070 1397 1191 1462 reprae-

90 1493 213 1548 sentat.

142 1584 254 1646 Atvero
280 1583 358 1662 ipsis
385 1583 495 1646 accidit
519 1583 713 1646 ratiocinium
740 1598 800 1646 non
827 1599 893 1646 esse
921 1590 1048 1652 rectum,
1078 1581 1120 1644 ita
1146 1587 1190 1654 ut,

89 1681 247 1745 admissis
276 1682 464 1761 praemissis,
493 1681 629 1744 nondum
658 1691 801 1761 sequatur
826 1682 994 1746 conclusio.
1022 1681 1109 1755 Quod
1134 1681 1192 1744 boc

93 1780 194 1842 modo
219 1781 327 1844 elucet.
355 1781 395 1844 tt
423 1780 553 1860 pecunia
578 1780 616 1843 de
640 1780 719 1845 facto
745 1781 786 1843 sit
810 1780 999 1860 productiva,
1027 1779 1192 1858 requiritur

94 1877 263 1940 manifeste
279 1885 311 1940 ut
326 1878 428 1959 atiquo
440 1878 532 1941 modo
543 1877 667 1958 capitati
683 1877 861 1958 productivo
877 1878 1083 1958 conjungetur
1097 1885 1166 1940 actu
1182 1894 1189 1937 :

90 1993 173 2040 cum
199 1977 279 2039 enim
306 1977 338 2039 in
364 1993 434 2040 arca
458 1985 665 2056 seponeretur,
688 1976 808 2039 etiamsi
827 1975 913 2054 juxta
936 1977 1036 2056 ipsam
1062 1975 1191 2056 capitale

91 2076 256 2157 quoddam
271 2078 404 2140 maxime
419 2078 553 2157 pretiosa
567 2077 715 2157 gigneret,
729 2094 764 2142 ac
779 2078 899 2140 etiamsi
914 2079 1044 2158 pecunia
1059 2079 1192 2157 seposita

90 2175 224 2254 capitali
240 2175 313 2238 buic
328 2175 542 2255 aequivaleret,
561 2176 637 2238 nibil
654 2175 724 2239 inde
739 2177 869 2256 pecunia
884 2184 1041 2240 cresceret.
1060 2177 1192 2240 Proinde

96 2273 309 2353 quaerendum
325 2282 371 2337 cst
386 2291 519 2354 quonam
536 2275 637 2349 modo,
655 2285 688 2337 ut
702 2285 771 2339 actu
788 2276 840 2338 bat
861 2276 1051 2356 productiva,
1070 2275 1193 2356 capitati

91 2373 150 2435 hic
173 2381 202 2434 et
225 2389 306 2435 nunc
327 2373 470 2454 conJ'ungi
493 2373 610 2444 debeat.
631 2390 696 2447 seu,
718 2373 789 2436 aiiis
810 2373 920 2450 verbio,
945 2389 1078 2453 quonam
1100 2372 1190 2436 modo

90 2482 169 2535 actu
181 2472 317 2535 adhiberi
330 2473 448 2536 debeat.
463 2473 639 2551 Requiritur
651 2474 804 2553 imprimis
816 2483 848 2536 ut
860 2489 1018 2553 possessor
1030 2473 1189 2553 pecuniam

89 2586 186 2632 suam
202 2586 272 2633 cum
287 2571 409 2649 capitati
426 2571 557 2650 quodam
573 2587 628 2650 per
648 2571 747 2650 ipsam
769 2581 995 2650 repraesentato
1017 2586 1086 2634 vere
1107 2588 1187 2632 com-

91 2675 198 2730 mutet
214 2688 223 2733 :
240 2669 349 2747 quodsi
365 2677 437 2732 tunc
451 2686 487 2732 err
503 2669 626 2750 capitati
642 2669 809 2732 auctarium
823 2669 938 2748 iustum
952 2669 1047 2744 ducit,
1061 2671 1190 2750 capitale

96 2767 312 2848 productivum
343 2768 447 2847 utiquc
476 2769 604 2847 pecunia
631 2767 808 2847 productiva
838 2784 890 2830 seu
921 2769 1050 2846 pecunia
1076 2768 1190 2832 soenore

95 2875 189 2929 aucta
211 2876 469 2944 repraesentatum
493 2867 519 2928 si
541 2882 611 2929 vero
633 2883 669 2928 ex
691 2864 815 2945 capitali
840 2865 977 2928 adhibito
1003 2882 1065 2928 non
1090 2867 1190 2930 incre·

97 2974 239 3028 mentum
254 2964 346 3028 babet
356 2965 409 3027 sed
420 2965 647 3038 detrimentum,
661 2964 790 3043 capitale
802 2964 932 3043 pecunia
944 2965 1061 3027 minuta
1072 2981 1191 3046 reprae

94 3071 248 3126 scutatur.
271 3063 384 3136 Quodsi
410 3072 532 3126 econtra
557 3076 716 3143 possessor
740 3063 901 3142 pecuniam
926 3051 1012 3126 suam
1038 3079 1100 3126 non
1124 3066 1190 3145 ipsc

95 3179 168 3225 cum
199 3163 322 3242 capitali
352 3172 575 3242 repraesentato
603 3170 710 3236 mutat,
742 3162 795 3225 sed
826 3162 912 3224 alteri
941 3163 1032 3227 tradit
1056 3164 1107 3244 qui
1135 3182 1189 3229 suo

98 3264 225 3326 nomine
239 3263 367 3326 eandem
390 3263 658 3327 commutationem
679 3274 709 3326 et
730 3264 938 3343 operationem
962 3263 1065 3340 iaciat,
1083 3266 1191 3330 eodem

98 3361 193 3425 modo
209 3359 327 3424 videtur
342 3359 515 3434 dicendum,
533 3360 595 3422 nisi
616 3360 698 3440 quod
719 3360 806 3424 labor
826 3361 873 3423 vel
896 3369 1015 3425 caetera
1036 3362 1075 3426 ab
1096 3363 1192 3428 attero

101 3459 250 3540 praestita
275 3457 348 3521 duic
372 3468 443 3522 suut
467 3459 564 3538 pretio
590 3457 804 3533 aestimabilia,
826 3459 963 3540 adeoque
986 3471 1019 3524 ut
1045 3477 1194 3542 expensae

99 3559 290 3622 deducenda.

145 3656 262 3731 Quodsi
283 3657 406 3720 tandem
427 3674 586 3738 possessor
608 3658 768 3738 pecuniam
790 3675 878 3722 suam
900 3658 988 3722 alteri
1011 3660 1113 3729 tradit,
1139 3659 1193 3740 qui

103 3772 164 3819 non
179 3772 236 3819 suo
251 3755 305 3818 sed
320 3756 419 3836 ipsius
433 3757 555 3820 nomine
573 3757 700 3820 eandem
720 3757 845 3821 adhibet
866 3758 930 3822 sive
954 3758 993 3822 ad
1015 3759 1095 3822 bona
1115 3775 1189 3823 con·

104 3854 286 3917 summanda
298 3854 363 3918 sive
374 3854 515 3918 etiamad
530 3855 612 3919 bona
624 3855 823 3935 producentia
837 3856 1035 3936 acquirenda,
1050 3872 1090 3918 an
1101 3873 1190 3935 pecu-

107 3952 158 4015 nia
171 3969 228 4016 sua
243 3962 312 4016 actu
328 3953 387 4034 ipsi
403 3953 603 4033 proprietario
622 3953 751 4034 capitale
768 3957 994 4036 repraesentat?
1010 3971 1048 4017 an
1064 3955 1192 4036 capitale

108 4050 340 4129 productivum?
368 4051 483 4126 Quodsi
512 4052 604 4115 ctiam
632 4053 838 4133 aequitatem
862 4054 986 4134 capitali
1016 4054 1195 4134 productivo

106 4148 185 4227 quod
201 4150 237 4214 de
253 4150 333 4214 iacto
349 4151 429 4232 apud
445 4151 568 4216 tertium
584 4152 746 4231 quemdam
762 4153 931 4216 auctarium
949 4151 1073 4229 sartan
1089 4169 1125 4216 er
1139 4153 1197 4217 bac
