3242 4959
415 441 487 520 208'
782 473 858 519 nans
872 453 1089 519 lomensem.
1106 475 1128 519 ι.
1152 468 1155 474 ⁴

416 636 523 700 deis.»
546 637 632 700 Patet
652 645 765 707 autem,
787 653 824 699 ex
845 652 937 716 supra
959 637 1049 701 dietis
1075 635 1112 701 de
1132 635 1326 710 commercio,
1343 637 1403 700 boo
1424 636 1508 700 idem

415 733 600 816 principium
616 751 677 798 non
699 742 828 812 tantum,
842 744 876 800 ut
897 735 1038 799 laudatus
1058 743 1163 799 auctor
1184 735 1297 807 innuit,
1315 730 1437 799 saeculo
1450 735 1511 798 XV

416 842 516 898 ortum
530 850 608 909 esse,
627 833 679 896 sed
695 834 799 898 indea
819 835 941 898 saeculo
956 834 1039 911 lllll,
1056 833 1275 915 speciatimque
1298 850 1316 897 a
1339 834 1371 897 S.
1389 833 1508 897 Tboma

414 933 603 997 adstructum
617 931 713 995 iuisse
729 934 776 1010 (t).
793 931 903 997 Omnis
919 932 1004 995 labor
1022 932 1109 996 utilis
1132 940 1180 995 est
1200 949 1236 995 ex
1255 931 1373 1011 iustitia
1394 947 1506 1012 appre-

414 1031 541 1096 tiabilis.
560 1029 698 1106 Quonam
719 1030 810 1094 modo
832 1031 908 1094 haec
929 1031 1038 1110 regula
1063 1030 1101 1094 de
1127 1030 1206 1094 tacto
1234 1029 1364 1094 diversis
1390 1029 1510 1093 laboris

414 1131 573 1212 speciebus
599 1130 813 1210 applicaretur,
841 1129 1047 1208 ecquomodo
1073 1128 1191 1192 lucrum
1217 1128 1401 1208 productum
1427 1128 1512 1191 iuter

416 1237 623 1310 cooperantes,
650 1245 758 1309 nempe
787 1229 952 1292 directores
979 1228 1023 1290 vel
1055 1235 1247 1307 susceptores
1274 1242 1448 1306 operarum,
1477 1231 1516 1289 et'

415 1329 552 1410 opifices,
570 1328 812 1403 distribueretur,
830 1326 948 1390 doctea
969 1327 1111 1407 pluribus
1132 1326 1278 1389 scientiae
1299 1325 1510 1389 oeconomicae

414 1428 569 1492 historicis
584 1428 754 1507 expositum
772 1427 918 1506 reperies.

455 1527 551 1591 Nobis
564 1543 635 1591 vero
651 1526 710 1589 alia
725 1526 772 1588 via
788 1523 943 1605 sequenda
957 1523 1087 1598 videtur,
1105 1523 1223 1587 scilicet
1239 1523 1275 1585 in
1296 1521 1509 1585 contractibus

414 1625 597 1706 quibusdam
613 1625 754 1688 virtutem
769 1623 884 1686 laboris
899 1623 1078 1686 lucrativam
1094 1622 1287 1701 inquirendo.

458 1957 628 2037 imprimis,
660 1963 802 2020 mutuum
831 1957 959 2021 babetur
979 1972 1034 2036 per
1057 1973 1089 2020 se
1110 1956 1294 2036 gratuitum,
1326 1971 1397 2018 cum
1427 1954 1512 2017 inibi

417 2057 529 2137 duplex
544 2057 623 2121 desit
637 2055 706 2120 lons
725 2058 933 2136 productivus,
951 2066 1015 2122 tum
1037 2057 1167 2138 capitale
1187 2064 1253 2119 tum
1276 2055 1362 2120 labor
1382 2062 1509 2118 mutua-

416 2155 504 2232 toris‚
522 2155 567 2218 vel
585 2155 672 2219 labor
685 2155 834 2218 debitoris
854 2155 976 2218 nomine
999 2154 1192 2218 mutuatoris
1210 2152 1297 2228 Quod
1317 2159 1380 2216 tam
1398 2168 1508 2216 verum

417 2261 473 2330 est,
500 2261 535 2317 ut
559 2254 585 2316 si
612 2253 698 2317 labor
717 2253 909 2327 mutuatoris,
933 2252 1050 2316 scilicet
1070 2260 1175 2315 mutuo
1198 2251 1299 2316 dando
1321 2267 1375 2314 seu
1395 2267 1505 2314 nume·

416 2354 525 2429 raudo,
542 2360 623 2416 esset
636 2353 753 2432 aliquid
769 2352 979 2434 appretiabile,
998 2351 1135 2432 legitima
1149 2351 1393 2414 remuneratione
1414 2351 1512 2413 etiam

417 2453 449 2514 in
467 2460 573 2515 mutuo
588 2452 778 2531 compensari
794 2459 897 2532 posset
913 2469 921 2514 ε
940 2450 1021 2531 quod
1039 2449 1226 2530 principium
1241 2449 1410 2512 orientibus
1426 2450 1512 2513 blon-
1600 2478 1601 2535 l

419 2554 503 2617 tibus
517 2553 639 2633 pietatis
650 2552 837 2633 applicatum
849 2551 1023 2616 invenimus
1033 2553 1079 2629 (a).
1094 2550 1239 2624 Quamvis
1254 2549 1336 2613 enim
1348 2549 1515 2627 cajetanus

452 2748 487 2893 g}
503 2747 692 2892 Etllgssssersa'ilss,
701 2745 875 2896 ffunomne
886 2828 1018 2884 llontium
1030 2827 1140 2893 pietatis
1152 2826 1334 2883 communiter
1345 2825 1513 2892 compellan-

420 2913 475 2976 tur,
489 2915 554 2966 sunt
571 2909 688 2976 triplicis
706 2911 784 2976 ouasi
803 2910 932 2976 generis:
946 2910 1067 2975 primum
1085 2922 1193 2974 eorum,
1209 2921 1329 2974 duorum
1346 2920 1436 2962 massa
1455 2910 1515 2962 tota

420 2995 462 3048 oet
474 2991 624 3048 liberaliter
635 2994 663 3047 et
674 2991 734 3046 sine
745 3004 829 3047 onere
840 3006 855 3045 a
867 2991 921 3057 piis
930 2991 1090 3046 bominibus
1098 2989 1205 3046 collata.
1216 2988 1372 3045 Qundum
1381 2989 1512 3052 istorum,

313 3070 314 3074 ’
421 3087 541 3141 duorum
553 3086 641 3128 massa
657 3075 713 3128 tota
732 3076 779 3128 aut
797 3085 848 3138 pro
866 3071 948 3138 longe
965 3072 1083 3127 maxima
1100 3073 1177 3137 parte
1194 3072 1237 3126 est
1252 3070 1367 3126 conflata
1379 3082 1431 3136 per
1443 3070 1513 3126 leva-

421 3157 524 3216 tionem
548 3156 728 3221 pecuniarum
752 3155 804 3210 sub
827 3155 926 3210 annuis
948 3155 1085 3210 censibus.
1110 3154 1231 3210 Tertium
1254 3166 1366 3215 eorum,
1389 3166 1513 3219 quorum

421 3251 510 3292 massa
522 3252 573 3304 pro
585 3251 681 3303 magna
694 3240 770 3303 parte
781 3239 824 3292 est
835 3235 934 3292 donata
944 3236 1102 3301 liberaliter,
1112 3239 1140 3292 et
1148 3236 1238 3302 aliqua
1250 3237 1327 3301 parte
1337 3235 1512 3301 suppeditata

422 3320 479 3375 sive
491 3320 543 3375 sub
556 3319 656 3384 reditu,
667 3320 724 3375 sive
734 3318 786 3375 sub
795 3333 844 3385 spe
854 3319 1000 3385 reeipiendi
1011 3319 1130 3386 aliquam
1140 3318 1354 3384 recognitionem
1362 3330 1515 3372 annuam.»

421 3403 573 3467 (Wtoouus,
586 3418 629 3468 op.
642 3418 676 3466 e,
690 3406 725 3458 tr.
739 3403 769 3465 V,
782 3417 806 3458 c.
820 3406 846 3467 i,
859 3417 887 3458 n.
900 3402 934 3465 l).
952 3403 1056 3459 llontes
1073 3402 1154 3469 primi
1171 3402 1288 3468 generis,
1306 3402 1394 3454 italici
1411 3401 1510 3464 vocati,

421 3485 583 3552 praesertim
600 3485 628 3540 in
644 3485 729 3549 ltalia,
742 3485 775 3540 ad
792 3485 875 3542 llnem
887 3499 910 3540 s.
924 3486 976 3550 XV,
990 3485 1214 3552 oppugnantibus
1225 3482 1349 3549 Caietano
1365 3484 1394 3538 et
1411 3481 1517 3539 Ordine

422 3568 448 3623 S.
462 3566 597 3622 Dominioi
609 3567 768 3630 universim,
781 3567 922 3632 propagati
935 3568 1000 3622 sunt
1011 3579 1096 3632 opere
1106 3566 1135 3620 B.
1148 3564 1307 3621 bernardini
1323 3563 1474 3620 Feltrensis
1485 3566 1516 3619 et

422 3649 530 3706 Ordinis
542 3649 568 3704 S.
582 3648 732 3712 Francisei;
750 3649 855 3704 blontm
865 3647 978 3704 secundi
990 3649 1109 3714 generis,
1121 3649 1249 3713 παηανίσι·
1259 3645 1336 3710 dicti,
1349 3647 1515 3712 praesertim

423 3735 450 3788 in
462 3733 565 3799 Belgio,
578 3732 689 3788 biberto
708 3735 736 3788 et
753 3731 866 3787 isabella
885 3731 1072 3798 regnantibus,
1085 3733 1138 3788 orti
1151 3731 1229 3795 sunt;
1248 3743 1283 3786 ex
1300 3728 1380 3796 eujus
1391 3729 1512 3796 duplicis

422 3816 531 3882 generis
543 3815 686 3879 mixtione,
699 3813 754 3869 nati
767 3816 833 3869 sunt
844 3813 935 3870 ultimi
947 3816 1028 3867 memte·
1038 3813 1175 3880 appellati.
1600 3810 1601 3865 ἲ

456 3897 493 3952 ite
505 3895 643 3951 blentibus
655 3895 762 3961 pietatis
779 3894 815 3950 ci.
833 3894 994 3960 praesertim
1011 3894 1118 3950 lessius
1137 3893 1189 3958 (op.
1202 3908 1236 3958 c,
1255 3892 1283 3948 in
1299 3891 1343 3948 ed.
1356 3891 1432 3953 tots,
1447 3891 1466 3948 l.
1479 3893 1510 3957 ll,
1600 3950 1601 3955 ,

424 3993 447 4033 c.
461 3978 503 4042 90,
516 3977 582 4033 dub.
596 3978 642 4043 t3;
663 3980 690 4032 et
709 3977 855 4043 praecipue
873 3977 902 4032 in
919 3976 963 4032 ed.
977 3975 1043 4030 toto
1058 3978 1202 4041 donemus
1218 3977 1251 4028 cte
1269 3975 1361 4028 Monte
1376 3973 1511 4039 metatum
1600 4010 1601 4013 κ

423 4059 557 4115 Wroouns
570 4061 600 4124 (t.
614 4075 647 4124 c,
661 4059 728 4115 dub.
741 4059 807 4124 t-l);
825 4073 860 4114 ou
872 4059 947 4114 Luoo
965 4062 1017 4124 (op.
1030 4073 1065 4121 e.,
1077 4057 1148 4124 disp.
1162 4058 1238 4121 XXV,
1251 4058 1317 4113 sect.
1331 4055 1385 4120 tou
1406 4059 1515 4112 Pomm

424 4139 578 4204 Bouianum,
601 4143 760 4207 opuseulum
778 4144 899 4207 brienum
917 4141 1101 4194 cellentibus
1118 4142 1234 4205 pietatis,
1252 4137 1326 4205 quod
1345 4138 1464 4195 babetur
1484 4139 1512 4192 in

425 4234 508 4289 opere
525 4225 662 4278 Vindictae
668 4226 742 4290 juris
759 4226 845 4278 divim·
860 4239 892 4278 oc
908 4224 1045 4277 naturales
1062 4224 1134 4276 circo
1151 4236 1274 4287 murum,
1287 4224 1308 4278 t.
1320 4223 1353 4287 ll,
1366 4237 1393 4288 p.
1407 4220 1510 4278 sotto.
