3242 4959
344 505 408 551 car.
425 504 458 551 u.
476 503 620 550 rumonus
634 502 781 550 sumnus
794 503 992 550 scomsrrcuu.
1151 485 1212 553 tlt

123 685 209 746 mus,
224 676 290 733 tum
311 669 384 750 quia
404 668 522 733 dissitis
536 670 569 732 in
584 669 761 750 regionibus
781 670 932 746 vixerunt,
948 679 1013 734 tum
1035 670 1107 751 quia
1127 674 1213 738 vario

123 769 323 832 scientiarum
338 785 495 834 sacrarum
506 770 641 850 aspectui
652 769 844 845 studoemnt,
858 778 921 833 tum
933 771 1112 850 praesertim
1126 773 1210 852 quia,

122 876 263 949 tempore
283 869 322 933 'ab
343 867 474 933 invicem
494 868 629 943 discreti,
653 869 789 932 nascenti
815 869 894 933 vitae
917 871 1122 935 oecnnomicae
1146 888 1213 937 mo·

123 968 239 1031 demae
253 966 436 1031 adstiterunt
449 975 479 1030 et
493 967 617 1047 quidem
637 968 670 1030 in
688 967 867 1048 regionibus
885 969 1068 1033 commercio
1083 981 1213 1051 praepo·

122 1066 273 1131 tentibus.
1152 1083 1154 1092 ·

122 1271 126 1276 ·
164 1248 274 1319 Porro,
291 1246 444 1327 imprimis
459 1246 771 1310 covuaouvusuiude
784 1246 946 1326 distinguit
961 1247 1040 1312 iuter
1052 1248 1214 1329 pecuniam

120 1351 155 1408 ut
181 1345 337 1409 numisma
362 1353 392 1409 et
417 1345 576 1426 pecuniam
602 1353 635 1408 ut
658 1361 791 1409 mercem
819 1361 826 1408 :
855 1346 1013 1426 inquirens
1034 1363 1062 1407 v.
1085 1363 1116 1427 g.
1149 1364 1214 1411 «au

119 1442 249 1522 aliquod
278 1458 404 1506 aureum
432 1443 586 1506 numisma
615 1443 714 1523 possit
740 1444 927 1523 permutari,
957 1445 1128 1508 auttendi
1157 1463 1214 1526 pro

119 1539 228 1603 numis
242 1541 405 1621 argenteis,
417 1540 564 1622 pluribus
584 1547 685 1604 tumeo
704 1559 798 1622 quom
819 1542 892 1622 lege,
911 1549 967 1606 out
977 1542 1103 1624 publico
1117 1545 1211 1608 oesti-

118 1639 260 1702 motione
267 1639 385 1718 fuerim
396 1638 832 1719 defiuiti›(t),fundameotale
843 1641 930 1722 ponit
940 1642 998 1706 lroc
1009 1642 1210 1724 principium,

119 1755 157 1801 er
180 1753 243 1817 quo
263 1737 424 1801 comllaria
443 1738 589 1802 hauriat:
608 1739 763 1820 «pecunia
783 1739 901 1820 duplici
925 1741 1042 1805 ratione
1063 1741 1095 1804 in
1111 1743 1214 1821 precio

118 1837 253 1901 habetur
264 1853 272 1900 ε
285 1837 402 1902 scilicet
415 1846 562 1918 tanquam
576 1855 625 1902 res
638 1847 669 1903 et
682 1848 829 1920 tauquam
845 1839 1000 1920 signatum
1015 1841 1210 1906 numisma...

119 1937 207 2001 Liuet
230 1937 350 2017 primus
374 1947 407 2001 et
434 1939 579 2019 proprius
606 1955 682 2002 usus
703 1940 851 2019 pecuniae
877 1940 916 2003 sit
938 1940 976 2004 ad
998 1941 1162 2004 emendum
1184 1950 1215 2006 et

118 2034 327 2113 vendendum,
344 2046 378 2100 ut
393 2038 434 2101 sit
447 2039 573 2102 alterius
588 2039 632 2102 rei
647 2038 822 2119 precium...
840 2048 870 2102 et
884 2039 984 2119 quoad
998 2039 1078 2103 banc
1095 2048 1212 2121 partem

118 2135 201 2199 nulli
217 2135 306 2199 liceat
321 2136 490 2217 transgredi
513 2136 579 2215 eius
598 2138 842 2201 aestimationem
863 2153 881 2200 a
904 2138 969 2219 lege
991 2147 1123 2202 taxatam
1141 2157 1149 2203 :
1167 2148 1213 2202 est

118 2242 226 2298 tamen
242 2241 272 2297 ct
286 2234 363 2297 alter
376 2235 523 2315 pecuniae
537 2251 612 2298 usus
626 2236 824 2317 improprius,
842 2251 951 2317 nempe
970 2245 1003 2299 ut
1023 2246 1213 2317 permutetur

119 2332 252 2414 pecunia
277 2349 347 2396 cum
372 2334 514 2413 pecunia,
541 2332 633 2397 etad
658 2335 716 2398 boc
740 2351 802 2398 nou
828 2334 919 2399 habet
943 2351 960 2398 a
987 2335 1053 2416 lege
1079 2343 1211 2400 taxatam

120 2441 237 2497 certam
252 2433 452 2512 quantitatem
473 2449 529 2496 uec
549 2434 720 2497 valorem.»
744 2433 878 2497 Pecunia
900 2443 1002 2498 autem
1017 2449 1079 2498 uon
1093 2442 1127 2497 ut
1140 2450 1211 2515 pre·

119 2533 200 2596 tium
227 2532 280 2596 sed
306 2541 340 2595 ut
370 2532 513 2595 «metalli
542 2541 676 2596 natura»
707 2532 880 2609 adhibetur,
912 2551 959 2597 ex.
986 2551 1031 2614 g..
1065 2534 1212 2613 «quoties

119 2632 310 2696 numismata
338 2647 430 2695 aurea
459 2631 570 2695 dautur
597 2640 627 2694 et
655 2631 827 2695 venduntur
853 2631 893 2696 ad
922 2632 1142 2706 deaurandum,
1169 2631 1208 2696 ad

120 2738 348 2806 oruamentum,
369 2731 408 2794 ad
427 2731 569 2805 annulos,
590 2730 723 2805 inaures,
740 2739 874 2810 mrques,
897 2740 928 2794 et
942 2731 992 2795 his
1010 2731 1124 2794 similia
1139 2747 1210 2795 con-

120 2829 293 2905 licienda›;
317 2831 451 2910 itemque
470 2829 620 2910 allegatur
642 2846 650 2892 :
676 2838 816 2892 «veteres
838 2829 923 2892 numi
949 2846 986 2893 ex
1010 2841 1084 2894 auro
1106 2829 1210 2894 forsan

119 2927 289 3009 purissimo
304 2928 454 3008 percussi,
471 2936 505 2990 ut
518 2942 657 3007 gemmae
677 2934 707 2989 et
728 2927 884 3006 preciosae
898 2943 958 3002 res,
974 2928 1018 2991 ita
1038 2936 1207 3004 servantur,

120 3033 149 3090 et
163 3025 388 3101 custodiuntur,
405 3041 442 3089 ac
460 3025 670 3097 aestimantur,
686 3023 768 3104 quod
787 3023 981 3088 ususfructus
995 3033 1095 3105 potest
1113 3025 1145 3088 in
1164 3026 1211 3091 eis

120 3125 268 3190 constitui
297 3125 386 3189 sicuti
415 3125 506 3188 etin
535 3123 625 3187 rebus
653 3139 711 3187 usu
740 3123 1074 3204 consumptibilibus.»
1106 3125 1210 3205 ltaque

121 3224 323 3290 Couarruvias
343 3225 433 3305 plene
453 3222 734 3287 fundamentalibus
755 3224 787 3287 S.
804 3224 938 3288 Thomas
961 3224 1123 3306 principiis
1137 3240 1211 3288 con-

121 3325 226 3401 sentit,
242 3325 331 3404 quus
344 3325 539 3405 caeteroquin
557 3324 767 3388 testimouium
789 3325 919 3399 invocat,
938 3324 1027 3389 sicuti
1049 3334 1078 3388 et
1099 3325 1212 3390 multo·

121 3439 191 3487 mm
205 3431 277 3503 post
290 3438 371 3498 eum,
389 3431 423 3485 ut
436 3421 594 3502 sylvestri,
611 3421 758 3501 cajetani,
775 3423 860 3488 Soto.

163 3522 280 3587 Eodem
294 3538 420 3603 prorsus
433 3521 525 3587 modo
540 3522 645 3585 statuit
658 3523 692 3585 P.
707 3524 850 3586 Lussrus:
866 3523 1023 3603 «pecunia
1033 3539 1094 3587 non
1110 3524 1210 3588 solum

121 3628 168 3685 cst
182 3620 315 3702 pretium
333 3632 363 3684 et
378 3635 521 3684 mensura
540 3635 641 3683 rerum
659 3619 826 3694 venalium,
844 3620 898 3684 sed
918 3621 1009 3685 etiam
1030 3630 1211 3702 potestesse

121 3736 208 3784 merx
224 3720 341 3783 venalis
361 3736 369 3783 :
392 3728 457 3783 tum
478 3720 596 3784 ratione
616 3719 761 3782 materiae
783 3735 861 3800 quae
882 3720 990 3784 melior
1011 3721 1056 3784 vel
1079 3720 1212 3785 deterior

122 3828 169 3882 est
185 3835 193 3882 ε
211 3826 276 3882 tum
297 3817 414 3881 ratione
432 3817 668 3892 commoditatis,
686 3817 898 3894 conservandi,
916 3817 1084 3894 deferendi,
1102 3833 1210 3882 nume·

123 3917 211 3981 randi
229 3925 320 3980 :tum
340 3917 458 3980 ratione
480 3915 643 3980 distantiae
664 3914 797 3980 localis»
815 3905 862 3994 (a).
880 3917 917 3980 Et
931 3915 1011 3980 iufra
1034 3933 1042 3979 ι
1066 3916 1211 3982 ‹Princi-

155 4163 190 4226 (l)
206 4161 245 4220 (ll.
263 4163 391 4217 Veterum
402 4163 509 4216 collatio
520 4162 723 4224 numumatum,
734 4174 759 4216 c.
772 4161 827 4224 llll,
840 4176 868 4217 ιι.
881 4161 936 4220 iet
946 4161 971 4220 l.

155 4243 191 4308 (il
207 4242 246 4301 (li.
259 4243 308 4300 lib.
320 4245 354 4309 ll,
366 4258 391 4301 c.
404 4243 448 4310 tt,
460 4241 526 4300 dub.
540 4243 566 4306 l,
579 4255 607 4298 n.
620 4242 647 4298 l.
