<?xml version="1.0" encoding="UTF-8"?>
<!DOCTYPE html PUBLIC "-//W3C//DTD XHTML 1.0 Transitional//EN"
    "http://www.w3.org/TR/xhtml1/DTD/xhtml1-transitional.dtd">
<html xmlns="http://www.w3.org/1999/xhtml" xml:lang="en" lang="en">
 <head>
  <title>
</title>
<meta http-equiv="Content-Type" content="text/html;charset=utf-8" />
  <meta name='ocr-system' content='tesseract 3.04.00' />
  <meta name='ocr-capabilities' content='ocr_page ocr_carea ocr_par ocr_line ocrx_word'/>
</head>
<body>
  <div class='ocr_page' id='page_1' title='image "./dejustoauctario00roeygoog_0274.png"; bbox 0 0 3242 4959; ppageno 0'>
   <div class='ocr_carea' id='block_1_1' title="bbox 338 477 1113 563">
    <p class='ocr_par' dir='ltr' id='par_1_1' title="bbox 338 477 1113 563">
     <span class='ocr_line' id='line_1_1' title="bbox 338 477 1113 563; baseline 0.001 -23"><span class='ocrx_word' id='word_1_1' title='bbox 338 477 415 563; x_wconf 62' lang='lat' dir='ltr'>gilli</span> <span class='ocrx_word' id='word_1_2' title='bbox 638 553 652 560; x_wconf 25' lang='grc' dir='ltr'>Η</span> <span class='ocrx_word' id='word_1_3' title='bbox 717 494 790 558; x_wconf 80' lang='lat' dir='ltr'>runs</span> <span class='ocrx_word' id='word_1_4' title='bbox 801 494 925 561; x_wconf 74' lang='lat' dir='ltr'>perena,</span> <span class='ocrx_word' id='word_1_5' title='bbox 942 495 1021 562; x_wconf 74' lang='lat' dir='ltr'>socr.</span> <span class='ocrx_word' id='word_1_6' title='bbox 1038 495 1069 562; x_wconf 76' lang='lat' dir='ltr'>u.</span> <span class='ocrx_word' id='word_1_7' title='bbox 1109 526 1113 562; x_wconf 83' lang='lat'><em>;</em></span> 
     </span>
    </p>
   </div>
   <div class='ocr_carea' id='block_1_2' title="bbox 341 658 1441 846">
    <p class='ocr_par' dir='ltr' id='par_1_2' title="bbox 341 658 1441 846">
     <span class='ocr_line' id='line_1_2' title="bbox 341 658 1441 742; baseline -0.003 -17"><span class='ocrx_word' id='word_1_8' title='bbox 341 660 444 734; x_wconf 83' lang='lat' dir='ltr'>unde,</span> <span class='ocrx_word' id='word_1_9' title='bbox 465 660 491 723; x_wconf 88' lang='lat' dir='ltr'>si</span> <span class='ocrx_word' id='word_1_10' title='bbox 513 660 557 723; x_wconf 89' lang='lat' dir='ltr'>rei</span> <span class='ocrx_word' id='word_1_11' title='bbox 579 669 704 724; x_wconf 89' lang='lat' dir='ltr'>naturae</span> <span class='ocrx_word' id='word_1_12' title='bbox 725 660 802 724; x_wconf 89' lang='lat' dir='ltr'>ratio</span> <span class='ocrx_word' id='word_1_13' title='bbox 817 661 974 736; x_wconf 80' lang='lat' dir='ltr'>habeatur,</span> <span class='ocrx_word' id='word_1_14' title='bbox 992 659 1140 724; x_wconf 90' lang='lat' dir='ltr'>voluntati</span> <span class='ocrx_word' id='word_1_15' title='bbox 1154 661 1372 742; x_wconf 76' lang='lat' dir='ltr'><strong>paciscentium</strong></span> <span class='ocrx_word' id='word_1_16' title='bbox 1388 658 1441 722; x_wconf 84' lang='lat' dir='ltr'>ia-</span> 
     </span>
     <span class='ocr_line' id='line_1_3' title="bbox 353 759 1087 846; baseline 0 -24"><span class='ocrx_word' id='word_1_17' title='bbox 353 759 451 823; x_wconf 92' lang='lat' dir='ltr'>cultas</span> <span class='ocrx_word' id='word_1_18' title='bbox 464 767 510 822; x_wconf 92' lang='lat' dir='ltr'>est</span> <span class='ocrx_word' id='word_1_19' title='bbox 525 759 737 846; x_wconf 87' lang='lat' dir='ltr'>illudtempus</span> <span class='ocrx_word' id='word_1_20' title='bbox 752 759 985 824; x_wconf 87' lang='lat' dir='ltr'>determinandi.</span> <span class='ocrx_word' id='word_1_21' title='bbox 1081 831 1087 842; x_wconf 25' lang='lat'>⁸</span> 
     </span>
    </p>
   </div>
   <div class='ocr_carea' id='block_1_3' title="bbox 340 955 1441 3314">
    <p class='ocr_par' dir='ltr' id='par_1_3' title="bbox 340 955 1441 2324">
     <span class='ocr_line' id='line_1_4' title="bbox 394 955 1441 1037; baseline 0.001 -18"><span class='ocrx_word' id='word_1_22' title='bbox 394 957 477 1031; x_wconf 84' lang='lat' dir='ltr'>Quae</span> <span class='ocrx_word' id='word_1_23' title='bbox 503 955 653 1036; x_wconf 89' lang='lat' dir='ltr'>principia</span> <span class='ocrx_word' id='word_1_24' title='bbox 679 956 705 1018; x_wconf 90' lang='lat' dir='ltr'>si</span> <span class='ocrx_word' id='word_1_25' title='bbox 733 955 872 1020; x_wconf 89' lang='lat' dir='ltr'>videntur</span> <span class='ocrx_word' id='word_1_26' title='bbox 896 956 1021 1019; x_wconf 92' lang='lat' dir='ltr'>omnino</span> <span class='ocrx_word' id='word_1_27' title='bbox 1043 956 1303 1037; x_wconf 81' lang='lat' dir='ltr'>inexpugnabilia,</span> <span class='ocrx_word' id='word_1_28' title='bbox 1329 963 1441 1037; x_wconf 91' lang='lat' dir='ltr'>sponte</span> 
     </span>
     <span class='ocr_line' id='line_1_5' title="bbox 352 1055 1440 1139; baseline 0 -21"><span class='ocrx_word' id='word_1_29' title='bbox 352 1056 547 1136; x_wconf 81' lang='lat' dir='ltr'>consequitur</span> <span class='ocrx_word' id='word_1_30' title='bbox 568 1065 766 1139; x_wconf 71' lang='lat' dir='ltr'>,contractum</span> <span class='ocrx_word' id='word_1_31' title='bbox 791 1072 851 1136; x_wconf 93' lang='lat' dir='ltr'>quo</span> <span class='ocrx_word' id='word_1_32' title='bbox 880 1072 930 1119; x_wconf 83' lang='lat' dir='ltr'>res</span> <span class='ocrx_word' id='word_1_33' title='bbox 954 1056 993 1119; x_wconf 90' lang='lat' dir='ltr'>ad</span> <span class='ocrx_word' id='word_1_34' title='bbox 1023 1073 1111 1122; x_wconf 91' lang='lat' dir='ltr'>usum</span> <span class='ocrx_word' id='word_1_35' title='bbox 1136 1057 1309 1133; x_wconf 86' lang='lat' dir='ltr'>credantur,</span> <span class='ocrx_word' id='word_1_36' title='bbox 1336 1055 1440 1136; x_wconf 87' lang='lat' dir='ltr'>quoad</span> 
     </span>
     <span class='ocr_line' id='line_1_6' title="bbox 352 1155 1441 1237; baseline 0.004 -19"><span class='ocrx_word' id='word_1_37' title='bbox 352 1156 560 1236; x_wconf 87' lang='lat' dir='ltr'>quaestionem</span> <span class='ocrx_word' id='word_1_38' title='bbox 586 1164 787 1237; x_wconf 82' lang='lat' dir='ltr'>praesentem,</span> <span class='ocrx_word' id='word_1_39' title='bbox 813 1155 981 1235; x_wconf 83' lang='lat' dir='ltr'>specificari</span> <span class='ocrx_word' id='word_1_40' title='bbox 1004 1155 1138 1235; x_wconf 86' lang='lat' dir='ltr'>qualiter</span> <span class='ocrx_word' id='word_1_41' title='bbox 1155 1156 1367 1236; x_wconf 83' lang='lat' dir='ltr'>specificantur</span> <span class='ocrx_word' id='word_1_42' title='bbox 1388 1171 1441 1222; x_wconf 82' lang='lat' dir='ltr'>res</span> 
     </span>
     <span class='ocr_line' id='line_1_7' title="bbox 352 1255 1439 1336; baseline 0.002 -19"><span class='ocrx_word' id='word_1_43' title='bbox 352 1255 447 1336; x_wconf 85' lang='lat' dir='ltr'>ipsae.</span> <span class='ocrx_word' id='word_1_44' title='bbox 466 1256 552 1321; x_wconf 85' lang='lat' dir='ltr'>Unde</span> <span class='ocrx_word' id='word_1_45' title='bbox 566 1256 754 1336; x_wconf 85' lang='lat' dir='ltr'>reperimus:</span> <span class='ocrx_word' id='word_1_46' title='bbox 770 1257 803 1318; x_wconf 91' lang='lat' dir='ltr'>l⁰</span> <span class='ocrx_word' id='word_1_47' title='bbox 818 1264 1005 1320; x_wconf 88' lang='lat' dir='ltr'>contractum</span> <span class='ocrx_word' id='word_1_48' title='bbox 1021 1272 1081 1336; x_wconf 94' lang='lat' dir='ltr'>quo</span> <span class='ocrx_word' id='word_1_49' title='bbox 1095 1272 1144 1319; x_wconf 88' lang='lat' dir='ltr'>res</span> <span class='ocrx_word' id='word_1_50' title='bbox 1160 1256 1323 1320; x_wconf 87' lang='lat' dir='ltr'>creduntur</span> <span class='ocrx_word' id='word_1_51' title='bbox 1336 1255 1439 1336; x_wconf 90' lang='lat' dir='ltr'>primo</span> 
     </span>
     <span class='ocr_line' id='line_1_8' title="bbox 352 1355 1441 1437; baseline 0 -19"><span class='ocrx_word' id='word_1_52' title='bbox 352 1373 409 1418; x_wconf 91' lang='lat' dir='ltr'>usu</span> <span class='ocrx_word' id='word_1_53' title='bbox 424 1356 675 1436; x_wconf 84' lang='lat' dir='ltr'>consumptibiles</span> <span class='ocrx_word' id='word_1_54' title='bbox 691 1372 744 1418; x_wconf 92' lang='lat' dir='ltr'>seu</span> <span class='ocrx_word' id='word_1_55' title='bbox 760 1365 909 1435; x_wconf 88' lang='lat' dir='ltr'>quatenus</span> <span class='ocrx_word' id='word_1_56' title='bbox 929 1355 1028 1434; x_wconf 90' lang='lat' dir='ltr'>primo</span> <span class='ocrx_word' id='word_1_57' title='bbox 1048 1372 1106 1418; x_wconf 91' lang='lat' dir='ltr'>usu</span> <span class='ocrx_word' id='word_1_58' title='bbox 1127 1355 1390 1437; x_wconf 77' lang='lat' dir='ltr'>consumptibiles</span> <span class='ocrx_word' id='word_1_59' title='bbox 1408 1362 1441 1418; x_wconf 86' lang='lat' dir='ltr'>et</span> 
     </span>
     <span class='ocr_line' id='line_1_9' title="bbox 351 1453 1440 1534; baseline 0 -17"><span class='ocrx_word' id='word_1_60' title='bbox 351 1454 384 1517; x_wconf 76' lang='lat'>2⁰</span> <span class='ocrx_word' id='word_1_61' title='bbox 398 1462 585 1518; x_wconf 86' lang='lat' dir='ltr'>contractum</span> <span class='ocrx_word' id='word_1_62' title='bbox 600 1471 660 1534; x_wconf 94' lang='lat' dir='ltr'>quo</span> <span class='ocrx_word' id='word_1_63' title='bbox 674 1454 838 1518; x_wconf 91' lang='lat' dir='ltr'>creduntur</span> <span class='ocrx_word' id='word_1_64' title='bbox 852 1469 900 1516; x_wconf 91' lang='lat' dir='ltr'>res</span> <span class='ocrx_word' id='word_1_65' title='bbox 916 1453 948 1516; x_wconf 93' lang='lat' dir='ltr'>in</span> <span class='ocrx_word' id='word_1_66' title='bbox 962 1469 995 1516; x_wconf 88' lang='lat' dir='ltr'>se</span> <span class='ocrx_word' id='word_1_67' title='bbox 1010 1462 1223 1534; x_wconf 90' lang='lat' dir='ltr'>permanentes</span> <span class='ocrx_word' id='word_1_68' title='bbox 1238 1462 1268 1517; x_wconf 89' lang='lat' dir='ltr'>et</span> <span class='ocrx_word' id='word_1_69' title='bbox 1286 1462 1440 1534; x_wconf 87' lang='lat' dir='ltr'>quatenns</span> 
     </span>
     <span class='ocr_line' id='line_1_10' title="bbox 351 1551 1437 1634; baseline 0 -18"><span class='ocrx_word' id='word_1_70' title='bbox 351 1562 574 1634; x_wconf 85' lang='lat' dir='ltr'>permanentes.</span> <span class='ocrx_word' id='word_1_71' title='bbox 598 1555 677 1633; x_wconf 87' lang='lat' dir='ltr'>Ergo</span> <span class='ocrx_word' id='word_1_72' title='bbox 699 1553 838 1627; x_wconf 87' lang='lat' dir='ltr'>ulterius,</span> <span class='ocrx_word' id='word_1_73' title='bbox 863 1552 895 1614; x_wconf 93' lang='lat' dir='ltr'>in</span> <span class='ocrx_word' id='word_1_74' title='bbox 917 1551 971 1615; x_wconf 92' lang='lat' dir='ltr'>illo</span> <span class='ocrx_word' id='word_1_75' title='bbox 996 1552 1120 1631; x_wconf 89' lang='lat' dir='ltr'>quidem</span> <span class='ocrx_word' id='word_1_76' title='bbox 1145 1552 1240 1633; x_wconf 88' lang='lat' dir='ltr'>priori</span> <span class='ocrx_word' id='word_1_77' title='bbox 1267 1560 1437 1627; x_wconf 87' lang='lat' dir='ltr'>contractu,</span> 
     </span>
     <span class='ocr_line' id='line_1_11' title="bbox 351 1651 1441 1733; baseline -0.002 -17"><span class='ocrx_word' id='word_1_78' title='bbox 351 1662 420 1733; x_wconf 89' lang='lat' dir='ltr'>post</span> <span class='ocrx_word' id='word_1_79' title='bbox 442 1661 562 1732; x_wconf 92' lang='lat' dir='ltr'>tempus</span> <span class='ocrx_word' id='word_1_80' title='bbox 583 1652 817 1716; x_wconf 89' lang='lat' dir='ltr'>determinatum</span> <span class='ocrx_word' id='word_1_81' title='bbox 838 1651 1043 1715; x_wconf 85' lang='lat' dir='ltr'>restituendus</span> <span class='ocrx_word' id='word_1_82' title='bbox 1064 1661 1110 1715; x_wconf 90' lang='lat' dir='ltr'>est</span> <span class='ocrx_word' id='word_1_83' title='bbox 1130 1653 1215 1716; x_wconf 87' lang='lat' dir='ltr'>valor</span> <span class='ocrx_word' id='word_1_84' title='bbox 1238 1669 1323 1724; x_wconf 90' lang='lat' dir='ltr'>usus,</span> <span class='ocrx_word' id='word_1_85' title='bbox 1340 1651 1374 1714; x_wconf 76' lang='lat' dir='ltr'>iol</span> <span class='ocrx_word' id='word_1_86' title='bbox 1393 1656 1441 1714; x_wconf 82' lang='lat' dir='ltr'>est</span> 
     </span>
     <span class='ocr_line' id='line_1_12' title="bbox 350 1750 1436 1828; baseline 0.002 -15"><span class='ocrx_word' id='word_1_87' title='bbox 350 1751 436 1814; x_wconf 90' lang='lat' dir='ltr'>valor</span> <span class='ocrx_word' id='word_1_88' title='bbox 449 1751 492 1814; x_wconf 88' lang='lat' dir='ltr'>rei</span> <span class='ocrx_word' id='word_1_89' title='bbox 509 1751 541 1814; x_wconf 94' lang='lat' dir='ltr'>iu</span> <span class='ocrx_word' id='word_1_90' title='bbox 556 1751 791 1815; x_wconf 83' lang='lat' dir='ltr'>commutatione</span> <span class='ocrx_word' id='word_1_91' title='bbox 811 1767 864 1813; x_wconf 90' lang='lat' dir='ltr'>seu</span> <span class='ocrx_word' id='word_1_92' title='bbox 880 1750 1106 1828; x_wconf 88' lang='lat' dir='ltr'>substantialis;</span> <span class='ocrx_word' id='word_1_93' title='bbox 1123 1752 1156 1814; x_wconf 93' lang='lat' dir='ltr'>iu</span> <span class='ocrx_word' id='word_1_94' title='bbox 1170 1752 1228 1815; x_wconf 91' lang='lat' dir='ltr'>hoc</span> <span class='ocrx_word' id='word_1_95' title='bbox 1242 1752 1337 1815; x_wconf 90' lang='lat' dir='ltr'>altero</span> <span class='ocrx_word' id='word_1_96' title='bbox 1353 1767 1436 1828; x_wconf 87' lang='lat' dir='ltr'>vero,</span> 
     </span>
     <span class='ocr_line' id='line_1_13' title="bbox 351 1848 1441 1930; baseline -0.001 -17"><span class='ocrx_word' id='word_1_97' title='bbox 351 1857 421 1930; x_wconf 88' lang='lat' dir='ltr'>post</span> <span class='ocrx_word' id='word_1_98' title='bbox 440 1857 559 1928; x_wconf 85' lang='lat' dir='ltr'>tempus</span> <span class='ocrx_word' id='word_1_99' title='bbox 583 1848 795 1913; x_wconf 86' lang='lat' dir='ltr'>retribuendus</span> <span class='ocrx_word' id='word_1_100' title='bbox 819 1856 864 1911; x_wconf 92' lang='lat' dir='ltr'>est</span> <span class='ocrx_word' id='word_1_101' title='bbox 884 1849 968 1912; x_wconf 88' lang='lat' dir='ltr'>valor</span> <span class='ocrx_word' id='word_1_102' title='bbox 988 1849 1031 1912; x_wconf 89' lang='lat' dir='ltr'>rei</span> <span class='ocrx_word' id='word_1_103' title='bbox 1053 1849 1280 1913; x_wconf 89' lang='lat' dir='ltr'>commutabilis</span> <span class='ocrx_word' id='word_1_104' title='bbox 1302 1855 1331 1912; x_wconf 85' lang='lat' dir='ltr'>ct</span> <span class='ocrx_word' id='word_1_105' title='bbox 1353 1850 1441 1913; x_wconf 82' lang='lat' dir='ltr'>calor</span> 
     </span>
     <span class='ocr_line' id='line_1_14' title="bbox 351 1943 1438 2026; baseline 0.001 -18"><span class='ocrx_word' id='word_1_106' title='bbox 351 1963 426 2008; x_wconf 90' lang='lat' dir='ltr'>usus</span> <span class='ocrx_word' id='word_1_107' title='bbox 441 1961 495 2026; x_wconf 88' lang='lat' dir='ltr'>per</span> <span class='ocrx_word' id='word_1_108' title='bbox 509 1945 589 2008; x_wconf 85' lang='lat' dir='ltr'>idem</span> <span class='ocrx_word' id='word_1_109' title='bbox 606 1957 735 2024; x_wconf 78' lang='lat' dir='ltr'>tempus</span> <span class='ocrx_word' id='word_1_110' title='bbox 754 1945 841 2008; x_wconf 82' lang='lat' dir='ltr'>Unde</span> <span class='ocrx_word' id='word_1_111' title='bbox 866 1943 988 2008; x_wconf 87' lang='lat' dir='ltr'>tandem</span> <span class='ocrx_word' id='word_1_112' title='bbox 1011 1952 1042 2008; x_wconf 91' lang='lat' dir='ltr'>ut</span> <span class='ocrx_word' id='word_1_113' title='bbox 1068 1954 1137 2025; x_wconf 88' lang='lat' dir='ltr'>post</span> <span class='ocrx_word' id='word_1_114' title='bbox 1157 1955 1277 2026; x_wconf 90' lang='lat' dir='ltr'>tempus</span> <span class='ocrx_word' id='word_1_115' title='bbox 1300 1957 1438 2026; x_wconf 90' lang='lat' dir='ltr'>praesta-</span> 
     </span>
     <span class='ocr_line' id='line_1_15' title="bbox 351 2043 1440 2124; baseline 0.002 -18"><span class='ocrx_word' id='word_1_116' title='bbox 351 2043 450 2107; x_wconf 88' lang='lat' dir='ltr'>tiones</span> <span class='ocrx_word' id='word_1_117' title='bbox 476 2044 549 2107; x_wconf 88' lang='lat' dir='ltr'>bant</span> <span class='ocrx_word' id='word_1_118' title='bbox 573 2044 610 2108; x_wconf 83' lang='lat' dir='ltr'>acl</span> <span class='ocrx_word' id='word_1_119' title='bbox 633 2043 899 2122; x_wconf 78' lang='lat' dir='ltr'>aequivalentium,</span> <span class='ocrx_word' id='word_1_120' title='bbox 926 2043 1112 2107; x_wconf 89' lang='lat' dir='ltr'>insecundo</span> <span class='ocrx_word' id='word_1_121' title='bbox 1137 2052 1292 2107; x_wconf 90' lang='lat' dir='ltr'>contractu</span> <span class='ocrx_word' id='word_1_122' title='bbox 1317 2053 1440 2124; x_wconf 89' lang='lat' dir='ltr'>praeter</span> 
     </span>
     <span class='ocr_line' id='line_1_16' title="bbox 340 2142 1436 2230; baseline 0.004 -28"><span class='ocrx_word' id='word_1_123' title='bbox 340 2143 484 2230; x_wconf 75' lang='lat' dir='ltr'>ualerem</span> <span class='ocrx_word' id='word_1_124' title='bbox 505 2142 764 2216; x_wconf 81' lang='lat' dir='ltr'>commutabilem,</span> <span class='ocrx_word' id='word_1_125' title='bbox 787 2142 962 2206; x_wconf 88' lang='lat' dir='ltr'>addendum</span> <span class='ocrx_word' id='word_1_126' title='bbox 983 2150 1028 2205; x_wconf 91' lang='lat' dir='ltr'>est</span> <span class='ocrx_word' id='word_1_127' title='bbox 1054 2143 1224 2206; x_wconf 90' lang='lat' dir='ltr'>auctarium</span> <span class='ocrx_word' id='word_1_128' title='bbox 1246 2159 1299 2205; x_wconf 89' lang='lat' dir='ltr'>seu</span> <span class='ocrx_word' id='word_1_129' title='bbox 1320 2142 1436 2219; x_wconf 88' lang='lat' dir='ltr'>ioenus,</span> 
     </span>
     <span class='ocr_line' id='line_1_17' title="bbox 351 2242 1435 2324; baseline 0.002 -19"><span class='ocrx_word' id='word_1_130' title='bbox 351 2242 433 2322; x_wconf 90' lang='lat' dir='ltr'>quod</span> <span class='ocrx_word' id='word_1_131' title='bbox 447 2253 492 2306; x_wconf 91' lang='lat' dir='ltr'>est</span> <span class='ocrx_word' id='word_1_132' title='bbox 507 2258 611 2306; x_wconf 86' lang='lat' dir='ltr'>verum</span> <span class='ocrx_word' id='word_1_133' title='bbox 634 2242 767 2318; x_wconf 91' lang='lat' dir='ltr'>lucrum;</span> <span class='ocrx_word' id='word_1_134' title='bbox 785 2242 960 2305; x_wconf 82' lang='lat' dir='ltr'>nullatenus</span> <span class='ocrx_word' id='word_1_135' title='bbox 982 2259 1051 2307; x_wconf 85' lang='lat' dir='ltr'>vero</span> <span class='ocrx_word' id='word_1_136' title='bbox 1073 2242 1247 2307; x_wconf 88' lang='lat' dir='ltr'>addendum</span> <span class='ocrx_word' id='word_1_137' title='bbox 1269 2243 1300 2305; x_wconf 93' lang='lat' dir='ltr'>in</span> <span class='ocrx_word' id='word_1_138' title='bbox 1322 2244 1435 2324; x_wconf 92' lang='lat' dir='ltr'>primo.</span> 
     </span>
    </p>

    <p class='ocr_par' dir='ltr' id='par_1_4' title="bbox 350 2339 1439 2602">
     <span class='ocr_line' id='line_1_18' title="bbox 393 2339 1438 2420; baseline 0.003 -18"><span class='ocrx_word' id='word_1_139' title='bbox 393 2341 425 2402; x_wconf 87' lang='lat' dir='ltr'>l⁰</span> <span class='ocrx_word' id='word_1_140' title='bbox 445 2341 550 2420; x_wconf 76' lang='lat' dir='ltr'>Atqui,</span> <span class='ocrx_word' id='word_1_141' title='bbox 577 2357 612 2403; x_wconf 85' lang='lat' dir='ltr'>ex</span> <span class='ocrx_word' id='word_1_142' title='bbox 639 2339 729 2404; x_wconf 89' lang='lat' dir='ltr'>modo</span> <span class='ocrx_word' id='word_1_143' title='bbox 753 2339 896 2420; x_wconf 88' lang='lat' dir='ltr'>loquendi</span> <span class='ocrx_word' id='word_1_144' title='bbox 919 2341 1056 2405; x_wconf 89' lang='lat' dir='ltr'>omniurn</span> <span class='ocrx_word' id='word_1_145' title='bbox 1078 2343 1268 2405; x_wconf 92' lang='lat' dir='ltr'>saeculorum</span> <span class='ocrx_word' id='word_1_146' title='bbox 1290 2350 1320 2404; x_wconf 89' lang='lat' dir='ltr'>et</span> <span class='ocrx_word' id='word_1_147' title='bbox 1343 2343 1438 2406; x_wconf 89' lang='lat' dir='ltr'>etiam</span> 
     </span>
     <span class='ocr_line' id='line_1_19' title="bbox 350 2438 1439 2520; baseline 0.004 -18"><span class='ocrx_word' id='word_1_148' title='bbox 350 2438 508 2515; x_wconf 89' lang='lat' dir='ltr'>hodierno,</span> <span class='ocrx_word' id='word_1_149' title='bbox 527 2442 645 2520; x_wconf 92' lang='lat' dir='ltr'>primus</span> <span class='ocrx_word' id='word_1_150' title='bbox 660 2441 712 2504; x_wconf 92' lang='lat' dir='ltr'>ille</span> <span class='ocrx_word' id='word_1_151' title='bbox 728 2448 851 2505; x_wconf 83' lang='lat' dir='ltr'>uocatur</span> <span class='ocrx_word' id='word_1_152' title='bbox 871 2449 1042 2505; x_wconf 88' lang='lat' dir='ltr'>contractus</span> <span class='ocrx_word' id='word_1_153' title='bbox 1063 2442 1176 2513; x_wconf 85' lang='lat' dir='ltr'>mutui,</span> <span class='ocrx_word' id='word_1_154' title='bbox 1194 2442 1271 2506; x_wconf 86' lang='lat' dir='ltr'>alter</span> <span class='ocrx_word' id='word_1_155' title='bbox 1291 2442 1341 2506; x_wconf 91' lang='lat' dir='ltr'>bic</span> <span class='ocrx_word' id='word_1_156' title='bbox 1363 2459 1439 2506; x_wconf 88' lang='lat' dir='ltr'>eon-</span> 
     </span>
     <span class='ocr_line' id='line_1_20' title="bbox 352 2538 650 2602; baseline -0.003 0"><span class='ocrx_word' id='word_1_157' title='bbox 352 2546 465 2602; x_wconf 86' lang='lat' dir='ltr'>tractus</span> <span class='ocrx_word' id='word_1_158' title='bbox 480 2538 650 2602; x_wconf 81' lang='lat' dir='ltr'>locutionis.</span> 
     </span>
    </p>

    <p class='ocr_par' dir='ltr' id='par_1_5' title="bbox 350 2637 1439 2814">
     <span class='ocr_line' id='line_1_21' title="bbox 391 2637 1439 2719; baseline 0.001 -19"><span class='ocrx_word' id='word_1_159' title='bbox 391 2637 471 2716; x_wconf 85' lang='lat' dir='ltr'>Ergo</span> <span class='ocrx_word' id='word_1_160' title='bbox 497 2637 665 2700; x_wconf 88' lang='lat' dir='ltr'>auctarium</span> <span class='ocrx_word' id='word_1_161' title='bbox 694 2645 850 2701; x_wconf 91' lang='lat' dir='ltr'>contractu</span> <span class='ocrx_word' id='word_1_162' title='bbox 875 2638 970 2701; x_wconf 88' lang='lat' dir='ltr'>mutui</span> <span class='ocrx_word' id='word_1_163' title='bbox 1001 2655 1062 2718; x_wconf 85' lang='lat' dir='ltr'>quo</span> <span class='ocrx_word' id='word_1_164' title='bbox 1092 2638 1148 2700; x_wconf 82' lang='lat' dir='ltr'>toli</span> <span class='ocrx_word' id='word_1_165' title='bbox 1175 2646 1364 2719; x_wconf 86' lang='lat' dir='ltr'>perceptum,</span> <span class='ocrx_word' id='word_1_166' title='bbox 1392 2644 1439 2702; x_wconf 89' lang='lat' dir='ltr'>est</span> 
     </span>
     <span class='ocr_line' id='line_1_22' title="bbox 350 2733 1253 2814; baseline 0.002 -18"><span class='ocrx_word' id='word_1_167' title='bbox 350 2733 512 2812; x_wconf 67' lang='lat' dir='ltr'>iniustum</span> <span class='ocrx_word' id='word_1_168' title='bbox 530 2746 652 2800; x_wconf 91' lang='lat' dir='ltr'>econtra</span> <span class='ocrx_word' id='word_1_169' title='bbox 666 2753 704 2798; x_wconf 77' lang='lat' dir='ltr'>cx</span> <span class='ocrx_word' id='word_1_170' title='bbox 719 2744 875 2800; x_wconf 88' lang='lat' dir='ltr'>contractu</span> <span class='ocrx_word' id='word_1_171' title='bbox 893 2737 1054 2801; x_wconf 85' lang='lat' dir='ltr'>locationis</span> <span class='ocrx_word' id='word_1_172' title='bbox 1068 2745 1114 2799; x_wconf 88' lang='lat' dir='ltr'>est</span> <span class='ocrx_word' id='word_1_173' title='bbox 1126 2737 1253 2814; x_wconf 74' lang='lat' dir='ltr'>iustum.</span> 
     </span>
    </p>

    <p class='ocr_par' dir='ltr' id='par_1_6' title="bbox 350 2836 1435 3000">
     <span class='ocr_line' id='line_1_23' title="bbox 392 2836 1435 2917; baseline 0.001 -19"><span class='ocrx_word' id='word_1_174' title='bbox 392 2836 427 2898; x_wconf 66' lang='grc' dir='ltr'>ΞΟ</span> <span class='ocrx_word' id='word_1_175' title='bbox 449 2837 553 2915; x_wconf 77' lang='lat' dir='ltr'>Atqui,</span> <span class='ocrx_word' id='word_1_176' title='bbox 578 2854 668 2900; x_wconf 81' lang='lat' dir='ltr'>scnsu</span> <span class='ocrx_word' id='word_1_177' title='bbox 691 2853 783 2917; x_wconf 84' lang='lat' dir='ltr'>supra</span> <span class='ocrx_word' id='word_1_178' title='bbox 806 2837 943 2917; x_wconf 87' lang='lat' dir='ltr'>probato,</span> <span class='ocrx_word' id='word_1_179' title='bbox 968 2837 1111 2901; x_wconf 90' lang='lat' dir='ltr'>locationi</span> <span class='ocrx_word' id='word_1_180' title='bbox 1134 2837 1269 2914; x_wconf 87' lang='lat' dir='ltr'>subjacet</span> <span class='ocrx_word' id='word_1_181' title='bbox 1293 2836 1435 2916; x_wconf 88' lang='lat' dir='ltr'>capitale,</span> 
     </span>
     <span class='ocr_line' id='line_1_24' title="bbox 350 2945 554 3000; baseline 0 -2"><span class='ocrx_word' id='word_1_182' title='bbox 350 2952 411 3000; x_wconf 91' lang='lat' dir='ltr'>non</span> <span class='ocrx_word' id='word_1_183' title='bbox 428 2945 554 2999; x_wconf 90' lang='lat' dir='ltr'>caetera.</span> 
     </span>
    </p>

    <p class='ocr_par' dir='ltr' id='par_1_7' title="bbox 342 3034 1438 3198">
     <span class='ocr_line' id='line_1_25' title="bbox 342 3034 1438 3117; baseline 0.005 -21"><span class='ocrx_word' id='word_1_184' title='bbox 342 3111 344 3117; x_wconf 43' lang='lat'>.</span> <span class='ocrx_word' id='word_1_185' title='bbox 391 3035 470 3115; x_wconf 88' lang='lat' dir='ltr'>Ergo</span> <span class='ocrx_word' id='word_1_186' title='bbox 485 3050 521 3096; x_wconf 87' lang='lat' dir='ltr'>ex</span> <span class='ocrx_word' id='word_1_187' title='bbox 543 3034 656 3098; x_wconf 87' lang='lat' dir='ltr'>credito</span> <span class='ocrx_word' id='word_1_188' title='bbox 679 3035 800 3114; x_wconf 90' lang='lat' dir='ltr'>capitali</span> <span class='ocrx_word' id='word_1_189' title='bbox 820 3036 935 3114; x_wconf 75' lang='lat' dir='ltr'>iustum</span> <span class='ocrx_word' id='word_1_190' title='bbox 957 3044 1003 3109; x_wconf 85' lang='lat' dir='ltr'>est</span> <span class='ocrx_word' id='word_1_191' title='bbox 1028 3034 1141 3110; x_wconf 74' lang='lat' dir='ltr'>ioenuS,</span> <span class='ocrx_word' id='word_1_192' title='bbox 1165 3052 1227 3099; x_wconf 92' lang='lat' dir='ltr'>non</span> <span class='ocrx_word' id='word_1_193' title='bbox 1251 3052 1287 3101; x_wconf 82' lang='lat' dir='ltr'>ea</span> <span class='ocrx_word' id='word_1_194' title='bbox 1313 3037 1438 3101; x_wconf 89' lang='lat' dir='ltr'>creditis</span> 
     </span>
     <span class='ocr_line' id='line_1_26' title="bbox 350 3133 487 3198; baseline 0.022 -4"><span class='ocrx_word' id='word_1_195' title='bbox 350 3133 487 3198; x_wconf 90' lang='lat' dir='ltr'>cacteris.</span> 
     </span>
    </p>

    <p class='ocr_par' dir='ltr' id='par_1_8' title="bbox 392 3231 1293 3314">
     <span class='ocr_line' id='line_1_27' title="bbox 392 3231 1293 3314; baseline 0.003 -21"><span class='ocrx_word' id='word_1_196' title='bbox 392 3231 424 3294; x_wconf 83' lang='lat'>3⁰</span> <span class='ocrx_word' id='word_1_197' title='bbox 438 3231 530 3311; x_wconf 85' lang='lat' dir='ltr'>Atqui</span> <span class='ocrx_word' id='word_1_198' title='bbox 546 3233 686 3312; x_wconf 89' lang='lat' dir='ltr'>pecunia,</span> <span class='ocrx_word' id='word_1_199' title='bbox 704 3233 736 3295; x_wconf 93' lang='lat' dir='ltr'>in</span> <span class='ocrx_word' id='word_1_200' title='bbox 751 3233 914 3314; x_wconf 91' lang='lat' dir='ltr'>principali</span> <span class='ocrx_word' id='word_1_201' title='bbox 930 3249 998 3309; x_wconf 91' lang='lat' dir='ltr'>usu,</span> <span class='ocrx_word' id='word_1_202' title='bbox 1016 3249 1078 3296; x_wconf 90' lang='lat' dir='ltr'>non</span> <span class='ocrx_word' id='word_1_203' title='bbox 1092 3240 1138 3295; x_wconf 89' lang='lat' dir='ltr'>est</span> <span class='ocrx_word' id='word_1_204' title='bbox 1152 3233 1293 3314; x_wconf 87' lang='lat' dir='ltr'>capitale.</span> 
     </span>
    </p>
   </div>
   <div class='ocr_carea' id='block_1_4' title="bbox 348 3488 1438 4304">
    <p class='ocr_par' dir='ltr' id='par_1_9' title="bbox 348 3488 1438 4304">
     <span class='ocr_line' id='line_1_28' title="bbox 350 3488 1438 3558; baseline 0.004 -13"><span class='ocrx_word' id='word_1_205' title='bbox 350 3488 533 3556; x_wconf 87' lang='lat' dir='ltr'>sumptibiles,</span> <span class='ocrx_word' id='word_1_206' title='bbox 547 3491 575 3544; x_wconf 93' lang='lat' dir='ltr'>in</span> <span class='ocrx_word' id='word_1_207' title='bbox 587 3489 647 3546; x_wconf 91' lang='lat' dir='ltr'>loco</span> <span class='ocrx_word' id='word_1_208' title='bbox 659 3491 769 3556; x_wconf 89' lang='lat' dir='ltr'>speciali</span> <span class='ocrx_word' id='word_1_209' title='bbox 781 3506 842 3548; x_wconf 90' lang='lat' dir='ltr'>esse</span> <span class='ocrx_word' id='word_1_210' title='bbox 855 3492 1016 3558; x_wconf 88' lang='lat' dir='ltr'>ponendam.</span> <span class='ocrx_word' id='word_1_211' title='bbox 1030 3495 1068 3549; x_wconf 87' lang='lat' dir='ltr'>lta</span> <span class='ocrx_word' id='word_1_212' title='bbox 1084 3493 1180 3550; x_wconf 92' lang='lat' dir='ltr'>scribit</span> <span class='ocrx_word' id='word_1_213' title='bbox 1195 3493 1300 3549; x_wconf 81' lang='lat' dir='ltr'>Bacuez</span> <span class='ocrx_word' id='word_1_214' title='bbox 1313 3493 1367 3558; x_wconf 85' lang='lat' dir='ltr'>(De</span> <span class='ocrx_word' id='word_1_215' title='bbox 1380 3497 1438 3549; x_wconf 80' lang='lat' dir='ltr'>t&#39;a&#39;n-</span> 
     </span>
     <span class='ocr_line' id='line_1_29' title="bbox 350 3574 1438 3645; baseline 0.008 -19"><span class='ocrx_word' id='word_1_216' title='bbox 350 3574 418 3628; x_wconf 75' lang='lat' dir='ltr'>teret</span> <span class='ocrx_word' id='word_1_217' title='bbox 430 3580 455 3627; x_wconf 84' lang='lat' dir='ltr'>et</span> <span class='ocrx_word' id='word_1_218' title='bbox 466 3578 498 3626; x_wconf 80' lang='lat' dir='ltr'>cte</span> <span class='ocrx_word' id='word_1_219' title='bbox 510 3574 618 3637; x_wconf 79' lang='lat' dir='ltr'>t&#39;usurc,</span> <span class='ocrx_word' id='word_1_220' title='bbox 632 3589 659 3640; x_wconf 91' lang='lat' dir='ltr'>p.</span> <span class='ocrx_word' id='word_1_221' title='bbox 672 3574 714 3636; x_wconf 85' lang='grc'>59)</span> <span class='ocrx_word' id='word_1_222' title='bbox 727 3595 733 3630; x_wconf 93' lang='lat'><strong>:</strong></span> <span class='ocrx_word' id='word_1_223' title='bbox 747 3594 762 3624; x_wconf 79' lang='lat' dir='ltr'>o</span> <span class='ocrx_word' id='word_1_224' title='bbox 770 3590 804 3632; x_wconf 88' lang='lat' dir='ltr'>au</span> <span class='ocrx_word' id='word_1_225' title='bbox 816 3575 956 3645; x_wconf 76' lang='lat' dir='ltr'>jugement</span> <span class='ocrx_word' id='word_1_226' title='bbox 967 3576 1032 3633; x_wconf 88' lang='lat' dir='ltr'>d’un</span> <span class='ocrx_word' id='word_1_227' title='bbox 1043 3578 1147 3634; x_wconf 85' lang='lat' dir='ltr'>certain</span> <span class='ocrx_word' id='word_1_228' title='bbox 1163 3578 1288 3642; x_wconf 90' lang='lat' dir='ltr'>nombre,</span> <span class='ocrx_word' id='word_1_229' title='bbox 1302 3577 1321 3633; x_wconf 93' lang='lat' dir='ltr'>il</span> <span class='ocrx_word' id='word_1_230' title='bbox 1334 3582 1377 3635; x_wconf 88' lang='lat' dir='ltr'>est</span> <span class='ocrx_word' id='word_1_231' title='bbox 1389 3578 1438 3635; x_wconf 86' lang='lat' dir='ltr'>des</span> 
     </span>
     <span class='ocr_line' id='line_1_30' title="bbox 349 3655 1438 3727; baseline 0.006 -17"><span class='ocrx_word' id='word_1_232' title='bbox 349 3655 426 3722; x_wconf 76' lang='lat' dir='ltr'>prels</span> <span class='ocrx_word' id='word_1_233' title='bbox 443 3655 511 3712; x_wconf 90' lang='lat' dir='ltr'>desi</span> <span class='ocrx_word' id='word_1_234' title='bbox 526 3670 578 3721; x_wconf 90' lang='lat' dir='ltr'>peu</span> <span class='ocrx_word' id='word_1_235' title='bbox 596 3656 791 3723; x_wconf 86' lang='lat' dir='ltr'>d’importance</span> <span class='ocrx_word' id='word_1_236' title='bbox 807 3663 835 3715; x_wconf 92' lang='lat' dir='ltr'>et</span> <span class='ocrx_word' id='word_1_237' title='bbox 852 3658 886 3714; x_wconf 87' lang='lat' dir='ltr'>tle</span> <span class='ocrx_word' id='word_1_238' title='bbox 905 3659 929 3713; x_wconf 91' lang='lat' dir='ltr'>si</span> <span class='ocrx_word' id='word_1_239' title='bbox 948 3673 1000 3725; x_wconf 89' lang='lat' dir='ltr'>peu</span> <span class='ocrx_word' id='word_1_240' title='bbox 1019 3658 1054 3716; x_wconf 89' lang='lat' dir='ltr'>de</span> <span class='ocrx_word' id='word_1_241' title='bbox 1072 3659 1158 3716; x_wconf 78' lang='lat' dir='ltr'>durbe</span> <span class='ocrx_word' id='word_1_242' title='bbox 1169 3659 1250 3725; x_wconf 83' lang='lat' dir='ltr'>qu’ils</span> <span class='ocrx_word' id='word_1_243' title='bbox 1266 3674 1301 3716; x_wconf 95' lang='lat' dir='ltr'>ne</span> <span class='ocrx_word' id='word_1_244' title='bbox 1317 3663 1438 3727; x_wconf 84' lang='lat' dir='ltr'>peuvent</span> 
     </span>
     <span class='ocr_line' id='line_1_31' title="bbox 348 3737 1435 3810; baseline 0.004 -16"><span class='ocrx_word' id='word_1_245' title='bbox 348 3751 446 3794; x_wconf 83' lang='lat' dir='ltr'>causer</span> <span class='ocrx_word' id='word_1_246' title='bbox 456 3751 563 3793; x_wconf 87' lang='lat' dir='ltr'>aucune</span> <span class='ocrx_word' id='word_1_247' title='bbox 578 3737 678 3804; x_wconf 79' lang='lat' dir='ltr'>charge</span> <span class='ocrx_word' id='word_1_248' title='bbox 693 3737 864 3810; x_wconf 80' lang='lat' dir='ltr'>appreciable</span> <span class='ocrx_word' id='word_1_249' title='bbox 882 3740 910 3794; x_wconf 94' lang='lat' dir='ltr'>ni</span> <span class='ocrx_word' id='word_1_250' title='bbox 925 3739 1076 3796; x_wconf 82' lang='lat' dir='ltr'>demander</span> <span class='ocrx_word' id='word_1_251' title='bbox 1093 3754 1200 3796; x_wconf 89' lang='lat' dir='ltr'>aucune</span> <span class='ocrx_word' id='word_1_252' title='bbox 1217 3743 1435 3807; x_wconf 87' lang='lat' dir='ltr'>compensation.</span> 
     </span>
     <span class='ocr_line' id='line_1_32' title="bbox 349 3819 1437 3890; baseline 0.004 -14"><span class='ocrx_word' id='word_1_253' title='bbox 349 3823 400 3877; x_wconf 86' lang='lat' dir='ltr'>Par</span> <span class='ocrx_word' id='word_1_254' title='bbox 411 3820 543 3887; x_wconf 83' lang='lat' dir='ltr'>exemple.</span> <span class='ocrx_word' id='word_1_255' title='bbox 555 3819 582 3887; x_wconf 79' lang='lat' dir='ltr'>je</span> <span class='ocrx_word' id='word_1_256' title='bbox 594 3834 662 3877; x_wconf 88' lang='lat' dir='ltr'>vous</span> <span class='ocrx_word' id='word_1_257' title='bbox 674 3819 751 3887; x_wconf 78' lang='lat' dir='ltr'>prete</span> <span class='ocrx_word' id='word_1_258' title='bbox 767 3822 901 3889; x_wconf 87' lang='lat' dir='ltr'>quelques</span> <span class='ocrx_word' id='word_1_259' title='bbox 911 3822 1043 3878; x_wconf 88' lang='lat' dir='ltr'>centimes</span> <span class='ocrx_word' id='word_1_260' title='bbox 1055 3837 1126 3888; x_wconf 92' lang='lat' dir='ltr'>pour</span> <span class='ocrx_word' id='word_1_261' title='bbox 1138 3836 1230 3890; x_wconf 89' lang='lat' dir='ltr'>passer</span> <span class='ocrx_word' id='word_1_262' title='bbox 1241 3838 1280 3879; x_wconf 93' lang='lat' dir='ltr'>un</span> <span class='ocrx_word' id='word_1_263' title='bbox 1292 3827 1370 3890; x_wconf 89' lang='lat' dir='ltr'>pont,</span> <span class='ocrx_word' id='word_1_264' title='bbox 1382 3837 1437 3880; x_wconf 88' lang='lat' dir='ltr'>une</span> 
     </span>
     <span class='ocr_line' id='line_1_33' title="bbox 349 3902 1436 3972; baseline 0.004 -15"><span class='ocrx_word' id='word_1_265' title='bbox 349 3902 443 3960; x_wconf 84' lang='lat' dir='ltr'>feuille</span> <span class='ocrx_word' id='word_1_266' title='bbox 460 3903 495 3960; x_wconf 87' lang='lat' dir='ltr'>de</span> <span class='ocrx_word' id='word_1_267' title='bbox 514 3903 608 3970; x_wconf 89' lang='lat' dir='ltr'>papier</span> <span class='ocrx_word' id='word_1_268' title='bbox 619 3918 691 3970; x_wconf 92' lang='lat' dir='ltr'>pour</span> <span class='ocrx_word' id='word_1_269' title='bbox 701 3902 789 3960; x_wconf 78' lang='lat' dir='ltr'>ecrire</span> <span class='ocrx_word' id='word_1_270' title='bbox 800 3919 839 3960; x_wconf 93' lang='lat' dir='ltr'>un</span> <span class='ocrx_word' id='word_1_271' title='bbox 851 3905 937 3967; x_wconf 81' lang='lat' dir='ltr'>billet</span> <span class='ocrx_word' id='word_1_272' title='bbox 950 3908 1003 3960; x_wconf 89' lang='lat' dir='ltr'>etc.</span> <span class='ocrx_word' id='word_1_273' title='bbox 1018 3923 1025 3959; x_wconf 76' lang='grc' dir='ltr'>ε</span> <span class='ocrx_word' id='word_1_274' title='bbox 1038 3905 1228 3972; x_wconf 74' lang='lat' dir='ltr'>quareo-vous</span> <span class='ocrx_word' id='word_1_275' title='bbox 1246 3902 1261 3960; x_wconf 79' lang='lat' dir='ltr'>a</span> <span class='ocrx_word' id='word_1_276' title='bbox 1280 3905 1348 3962; x_wconf 85' lang='lat' dir='ltr'>faire</span> <span class='ocrx_word' id='word_1_277' title='bbox 1366 3919 1436 3972; x_wconf 89' lang='lat' dir='ltr'>pour</span> 
     </span>
     <span class='ocr_line' id='line_1_34' title="bbox 348 3985 1437 4054; baseline 0.003 -14"><span class='ocrx_word' id='word_1_278' title='bbox 348 3998 418 4041; x_wconf 87' lang='lat' dir='ltr'>vous</span> <span class='ocrx_word' id='word_1_279' title='bbox 429 3987 563 4052; x_wconf 88' lang='lat' dir='ltr'>acquitter</span> <span class='ocrx_word' id='word_1_280' title='bbox 580 4000 635 4052; x_wconf 93' lang='lat' dir='ltr'>que</span> <span class='ocrx_word' id='word_1_281' title='bbox 652 3985 687 4042; x_wconf 87' lang='lat' dir='ltr'>tle</span> <span class='ocrx_word' id='word_1_282' title='bbox 704 4000 749 4042; x_wconf 92' lang='lat' dir='ltr'>me</span> <span class='ocrx_word' id='word_1_283' title='bbox 766 3985 866 4042; x_wconf 88' lang='lat' dir='ltr'>rendre</span> <span class='ocrx_word' id='word_1_284' title='bbox 884 3985 1056 4053; x_wconf 79' lang='lat' dir='ltr'>l&#39;cqulvalent</span> <span class='ocrx_word' id='word_1_285' title='bbox 1072 4001 1112 4042; x_wconf 92' lang='lat' dir='ltr'>un</span> <span class='ocrx_word' id='word_1_286' title='bbox 1130 3986 1382 4054; x_wconf 73' lang='lat' dir='ltr'>nonentapresr»</span> <span class='ocrx_word' id='word_1_287' title='bbox 1399 3987 1437 4043; x_wconf 89' lang='lat' dir='ltr'>be</span> 
     </span>
     <span class='ocr_line' id='line_1_35' title="bbox 349 4066 1434 4136; baseline 0.002 -16"><span class='ocrx_word' id='word_1_288' title='bbox 349 4066 410 4122; x_wconf 89' lang='lat' dir='ltr'>aliis</span> <span class='ocrx_word' id='word_1_289' title='bbox 422 4068 505 4124; x_wconf 88' lang='lat' dir='ltr'>rebus</span> <span class='ocrx_word' id='word_1_290' title='bbox 516 4069 614 4125; x_wconf 89' lang='lat' dir='ltr'>merito</span> <span class='ocrx_word' id='word_1_291' title='bbox 626 4071 702 4126; x_wconf 86' lang='lat' dir='ltr'>notat</span> <span class='ocrx_word' id='word_1_292' title='bbox 713 4069 742 4124; x_wconf 87' lang='lat' dir='ltr'>P.</span> <span class='ocrx_word' id='word_1_293' title='bbox 755 4070 936 4125; x_wconf 80' lang='lat' dir='ltr'>Vnnrrnnnscn</span> <span class='ocrx_word' id='word_1_294' title='bbox 948 4070 1000 4134; x_wconf 83' lang='lat' dir='ltr'>(op.</span> <span class='ocrx_word' id='word_1_295' title='bbox 1013 4084 1048 4134; x_wconf 88' lang='lat' dir='ltr'>e.,</span> <span class='ocrx_word' id='word_1_296' title='bbox 1062 4084 1089 4135; x_wconf 91' lang='lat' dir='ltr'>p.</span> <span class='ocrx_word' id='word_1_297' title='bbox 1099 4069 1158 4131; x_wconf 79' lang='lat' dir='ltr'>l&#39;l&#39;l)</span> <span class='ocrx_word' id='word_1_298' title='bbox 1171 4088 1178 4124; x_wconf 73' lang='grc' dir='ltr'>ε</span> <span class='ocrx_word' id='word_1_299' title='bbox 1191 4069 1285 4126; x_wconf 81' lang='lat' dir='ltr'>«liunt</span> <span class='ocrx_word' id='word_1_300' title='bbox 1297 4072 1356 4126; x_wconf 88' lang='lat' dir='ltr'>ruri</span> <span class='ocrx_word' id='word_1_301' title='bbox 1368 4085 1393 4126; x_wconf 91' lang='lat' dir='ltr'>v.</span> <span class='ocrx_word' id='word_1_302' title='bbox 1407 4085 1434 4136; x_wconf 86' lang='lat' dir='ltr'>g.</span> 
     </span>
     <span class='ocr_line' id='line_1_36' title="bbox 350 4148 1438 4220; baseline 0.007 -18"><span class='ocrx_word' id='word_1_303' title='bbox 350 4148 384 4202; x_wconf 81' lang='lat' dir='ltr'>acl</span> <span class='ocrx_word' id='word_1_304' title='bbox 404 4150 542 4206; x_wconf 86' lang='lat' dir='ltr'>modicum</span> <span class='ocrx_word' id='word_1_305' title='bbox 562 4155 681 4218; x_wconf 80' lang='lat' dir='ltr'>tempus,</span> <span class='ocrx_word' id='word_1_306' title='bbox 699 4152 833 4219; x_wconf 87' lang='lat' dir='ltr'>quaedam</span> <span class='ocrx_word' id='word_1_307' title='bbox 852 4156 947 4209; x_wconf 90' lang='lat' dir='ltr'>mutua</span> <span class='ocrx_word' id='word_1_308' title='bbox 967 4152 1078 4218; x_wconf 77' lang='lat' dir='ltr'>tarinae,</span> <span class='ocrx_word' id='word_1_309' title='bbox 1098 4153 1176 4210; x_wconf 86' lang='lat' dir='ltr'>lactis</span> <span class='ocrx_word' id='word_1_310' title='bbox 1195 4167 1266 4220; x_wconf 89' lang='lat' dir='ltr'>quae</span> <span class='ocrx_word' id='word_1_311' title='bbox 1285 4166 1320 4208; x_wconf 84' lang='lat' dir='ltr'>ex</span> <span class='ocrx_word' id='word_1_312' title='bbox 1338 4155 1438 4210; x_wconf 82' lang='lat' dir='ltr'>nauel</span> 
     </span>
     <span class='ocr_line' id='line_1_37' title="bbox 352 4233 1437 4304; baseline 0.005 -19"><span class='ocrx_word' id='word_1_313' title='bbox 352 4233 490 4288; x_wconf 86' lang='lat' dir='ltr'>communi</span> <span class='ocrx_word' id='word_1_314' title='bbox 506 4235 694 4292; x_wconf 89' lang='lat' dir='ltr'>aestimatione</span> <span class='ocrx_word' id='word_1_315' title='bbox 705 4248 762 4291; x_wconf 92' lang='lat' dir='ltr'>non</span> <span class='ocrx_word' id='word_1_316' title='bbox 772 4240 920 4292; x_wconf 84' lang='lat' dir='ltr'>censentur</span> <span class='ocrx_word' id='word_1_317' title='bbox 931 4249 995 4293; x_wconf 91' lang='lat' dir='ltr'>cum</span> <span class='ocrx_word' id='word_1_318' title='bbox 1006 4236 1123 4303; x_wconf 88' lang='lat' dir='ltr'>quadam</span> <span class='ocrx_word' id='word_1_319' title='bbox 1135 4251 1220 4293; x_wconf 85' lang='lat' dir='ltr'>usura</span> <span class='ocrx_word' id='word_1_320' title='bbox 1232 4235 1437 4304; x_wconf 59' lang='lat' dir='ltr'>rependendae</span> 
     </span>
    </p>
   </div>
   <div class='ocr_carea' id='block_1_5' title="bbox 0 0 1626 4959">
    <p class='ocr_par' dir='ltr' id='par_1_10' title="bbox 0 0 1626 4959">
     <span class='ocr_line' id='line_1_38' title="bbox 0 0 1626 4959; baseline 0 1"><span class='ocrx_word' id='word_1_321' title='bbox 0 0 1626 4959; x_wconf 95' lang='lat' dir='ltr'> </span> 
     </span>
    </p>
   </div>
  </div>
 </body>
</html>
