3242 4959
793 1023 1057 1081 CONGLUSIO.

424 1326 598 1389 Disserendi
622 1327 713 1389 linem
729 1325 871 1403 tacimus
887 1343 957 1392 curn
978 1326 1014 1391 ad
1039 1328 1189 1391 intentum
1211 1345 1339 1409 scopum
1363 1346 1469 1410 perve-

383 1436 529 1498 nerimus.
547 1436 646 1498 Mente
661 1435 742 1497 enim
758 1450 926 1513 numquam
946 1434 1133 1498 intendimus
1149 1437 1309 1501 casuistico
1325 1437 1415 1501 modo
1431 1437 1469 1502 de

383 1542 475 1604 variis
490 1540 581 1606 factis
595 1541 791 1605 mconomicis
807 1548 836 1604 et
851 1542 947 1604 nostri
963 1543 1110 1621 temporis
1124 1543 1230 1607 usibus
1245 1560 1346 1624 agere,
1361 1560 1467 1608 verum

384 1648 470 1711 unice
499 1647 650 1728 principia
679 1647 920 1711 fundamentalia
945 1648 1109 1728 inquirere,
1141 1650 1252 1729 quibus
1282 1650 1399 1713 lucrum
1429 1669 1466 1713 ex

363 1735 503 1833 'capitali
524 1769 558 1818 ac
577 1755 706 1834 pecunia
728 1754 851 1818 creditis
869 1755 948 1834 J'uste
969 1755 1163 1835 percipiatur.
1189 1759 1271 1831 Quae
1295 1758 1357 1820 imo
1381 1759 1466 1838 prin-

381 1858 471 1940 cipia,
500 1868 646 1940 quantum
673 1863 736 1925 lieri
765 1862 874 1942 possit,
901 1863 944 1925 ita
973 1864 1011 1927 ab
1040 1863 1191 1942 adjunctis
1219 1864 1467 1946 contingentibus

382 1969 563 2033 secernenda
581 1968 733 2046 duuirum,
752 1977 783 2033 ut
799 1971 886 2050 quusi
902 1971 1029 2035 immota
1044 1972 1077 2034 iu
1092 1989 1124 2034 se
1139 1973 1205 2052 ipsa
1226 1973 1426 2037 consisterent
1440 1980 1470 2036 et

381 2076 508 2156 proinde
522 2079 623 2158 sagaci
640 2077 756 2156 judicio
778 2077 876 2141 cuivis
896 2079 1025 2160 tempori
1049 2096 1084 2143 ac
1105 2080 1223 2160 regioni
1246 2087 1348 2143 esseut
1369 2080 1469 2160 appli-

380 2184 501 2248 cabilia.
520 2186 582 2248 Nec
597 2191 697 2248 tamen
718 2185 861 2249 omnibus
882 2185 994 2265 quihus
1015 2186 1144 2267 pecunia
1165 2204 1200 2250 ac
1220 2186 1350 2269 capitale
1374 2186 1465 2264 objici

380 2297 504 2370 possent
539 2290 744 2355 contractibus
779 2289 892 2354 directe
928 2293 1124 2356 attentionem
1159 2293 1362 2369 admovimus,
1398 2291 1463 2368 sed,

376 2399 516 2478 utramvis
543 2398 581 2462 ad
607 2415 733 2480 scopum
759 2399 986 2480 progredientes
1013 2401 1126 2464 multos
1148 2401 1226 2464 alios
1255 2401 1460 2482 attigerimus,

377 2506 410 2568 in
425 2514 506 2570 recto
521 2514 550 2569 et
565 2505 732 2570 formaliter
747 2506 857 2570 crediti
872 2514 989 2570 tautum
1004 2517 1192 2572 contractum
1204 2517 1378 2572 constanter
1393 2524 1465 2589 prae

378 2620 478 2676 mente
494 2612 667 2676 habuimus.

419 2721 583 2801 Speramus
602 2718 665 2784 lore
684 2728 718 2784 ut
738 2721 847 2800 cuique
865 2720 929 2797 jam
952 2721 1041 2784 liceat
1062 2721 1194 2785 theorias
1213 2721 1361 2800 judicare,
1389 2738 1465 2801 quae

376 2827 456 2892 circa
478 2835 667 2908 praesentem
684 2828 894 2908 quaestionem
909 2835 971 2890 taur
987 2828 1099 2905 uariae,
1117 2835 1246 2908 quatuor
1268 2827 1379 2891 abhinc
1402 2845 1464 2892 sae-

377 2935 455 3000 culis
477 2952 511 3000 ac
530 2935 644 2998 uostris
665 2933 784 3011 diebus,
809 2935 985 2998 aedificatae
1006 2933 1068 2998 siut
1085 2950 1121 2999 ac
1139 2934 1346 2999 aedificemur.
1372 2935 1463 2998 ltine·
1515 2927 1518 2934 ’

375 3051 488 3118 rantes,
515 3043 607 3107 simul
634 3043 800 3124 sategimus
826 3051 860 3106 ut
884 3044 1024 3123 opposita
1050 3043 1139 3107 uobis
1164 3043 1326 3123 principia,
1351 3044 1384 3106 iu
1410 3060 1463 3107 suo

374 3150 507 3228 cujusvis
534 3150 600 3214 loco
625 3150 815 3214 diluerentur
842 3167 849 3212 :
880 3154 1019 3214 notiones
1051 3151 1132 3214 euim
1166 3150 1315 3230 quaedam
1349 3152 1463 3214 exami-

294 3343 295 3348 ,
376 3258 493 3322 nandae
515 3275 551 3322 ac
572 3259 779 3339 reprobandae
801 3259 924 3338 saepius
946 3259 1027 3322 visae
1049 3267 1130 3334 suut,
1154 3275 1214 3340 quo
1236 3259 1357 3339 planior
1376 3259 1463 3323 uobis

376 3365 426 3429 via
441 3366 525 3429 lieret
540 3365 578 3430 ad
593 3365 726 3446 genuina
741 3366 893 3448 principia
908 3365 1108 3446 assequenda.

414 3602 520 3675 Porro,
544 3598 733 3680 contingenti
756 3606 785 3662 et
809 3599 942 3680 practica
968 3598 1188 3679 principiorum
1214 3598 1461 3678 interpretatione

374 3706 465 3770 modo
481 3706 607 3781 omissa,
624 3712 707 3786 patet
721 3711 857 3769 nostram
871 3705 1040 3770 doctrinam
1056 3720 1182 3785 prorsus
1199 3720 1367 3785 congruere
1389 3703 1459 3768 doc·

374 3813 472 3876 trinae
487 3829 541 3893 per
555 3812 688 3876 llledium
708 3827 817 3875 aevum
832 3812 865 3874 iu
880 3811 1000 3877 Scholis
1022 3811 1163 3887 solemni,
1188 3818 1219 3875 et
1239 3818 1344 3891 postea
1367 3827 1385 3874 a
1410 3812 1461 3874 Be

375 3918 495 3984 nedicto
521 3919 590 3982 xlv
614 3919 757 4000 gravibus
786 3917 886 3981 verbis
911 3918 1090 3993 inculcatae,
1118 3933 1174 3980 uec
1202 3917 1369 3980 etiamnum
1398 3915 1459 3979 ullo

375 4028 431 4091 sub
454 4034 576 4108 aspectu
605 4025 823 4090 immutandae.
852 4025 1018 4106 imprimis,
1046 4025 1122 4088 haec
1146 4023 1284 4088 doctrina
1305 4023 1394 4086 nobis
1416 4023 1459 4087 vi-

373 4132 460 4198 detur
482 4133 592 4198 invicte
615 4132 736 4196 ratione
757 4132 891 4214 probari,
917 4147 1115 4212 quamquam,
1139 4146 1193 4211 per
1214 4136 1343 4210 quatuor
1366 4129 1459 4193 ferme

371 4241 503 4319 saecula,
531 4241 657 4326 plurimi
680 4248 741 4305 tam
767 4241 909 4306 catholici
931 4255 1023 4320 quam
1046 4237 1233 4315 heterodoxi,
1257 4248 1319 4301 tam
1341 4253 1458 4303 oecono·
