3242 4959
845 482 917 527 PARS
938 482 1035 528 bulon.

465 714 478 787 5
494 711 532 773 ll.
549 744 589 755 -
604 711 650 773 De
664 708 792 773 decretis
807 709 945 773 romanie
962 712 1062 773 ‹Nou
1077 728 1140 774 3333
1153 712 1371 793 inquietandos
1384 737 1412 777 b.

434 923 508 988 lnde
523 940 540 985 a
555 922 786 987 Perturbatione
805 922 927 1002 gallica,
944 924 1051 987 multis
1072 940 1109 987 ex
1130 925 1231 988 causis
1246 926 1308 990 vita
1329 928 1495 992 societatis

393 1023 580 1086 oeconomica
600 1022 688 1085 valde
709 1023 869 1089 immutata
891 1030 956 1085 erat
972 1040 980 1085 :
998 1022 1123 1086 modum
1145 1024 1272 1104 insuper
1292 1042 1358 1089 eam
1380 1027 1483 1091 conei-

392 1122 509 1203 piendi,
532 1130 596 1186 tum
619 1122 698 1202 apud
717 1123 844 1201 juristas
860 1129 924 1187 tum
939 1125 1121 1204 praesertim
1146 1125 1229 1205 apud
1251 1127 1479 1204 oeconomicus,

392 1222 514 1302 penitus
528 1237 706 1285 conversum
721 1221 988 1301 deprehendimus.
1013 1223 1131 1297 Quibus
1152 1224 1241 1287 multi
1263 1225 1397 1306 theologi
1419 1243 1491 1290 non

393 1338 504 1402 parvae
515 1322 713 1396 auctoritatis,
728 1320 1005 1400 adstipulabantur.
1021 1322 1107 1386 Unde
1120 1339 1182 1386 non
1195 1324 1308 1387 mirum
1322 1331 1368 1387 est
1382 1326 1492 1404 ipsam·
1601 1353 1602 1356 ¹

394 1421 602 1485 auctoritatem
617 1420 856 1484 ecclesiasticam
872 1436 1047 1500 supremam
1063 1420 1186 1485 tandem
1198 1430 1322 1491 statum.
1337 1423 1375 1487 ad
1391 1441 1493 1503 ouem*

392 1527 457 1585 tum
479 1521 583 1600 pruris
608 1529 672 1582 tum
695 1519 822 1582 scientia
844 1520 1054 1598 quaestionem
1082 1518 1279 1596 deduxerant,
1304 1522 1480 1593 attendisse.

393 1627 421 1683 et
437 1618 660 1700 legislationem
675 1618 867 1693 canonicam,
885 1618 931 1681 rel
947 1619 1049 1697 potius
1064 1619 1176 1698 stylum
1191 1620 1293 1684 curiae
1308 1621 1388 1685 circa
1403 1622 1485 1687 banc
1602 1689 1603 1694 ,

392 1734 458 1781 rem
473 1733 634 1781 renovasse
650 1718 694 1793 (1).

424 1918 459 1980 (ll
475 1920 595 1980 Decreta,
614 1918 666 1974 lata
690 1918 719 1972 in
741 1918 902 1984 quaestione
918 1918 1009 1973 mutui
1034 1919 1062 1973 et
1080 1930 1189 1981 usurae,
1207 1917 1321 1974 collecta
1343 1919 1495 1975 habentur·

392 2019 408 2049 «
415 2002 560 2067 (33331333
577 2002 648 2056 inter
663 2000 715 2056 alia
732 2001 835 2066 cluna»
853 2002 880 2055 in
896 2013 982 2067 onere
1001 2000 1495 2068 03033133338133313331133333·

391 2085 574 2151 Propuoeodo
589 2084 667 2138 1133.
685 2084 795 2146 Romae,
813 2096 849 2138 ex
865 2086 923 2148 tyn.
942 2082 1056 2149 oolygl„
1069 2080 1145 2141 1893.
1158 2096 1173 2137 3
1186 2092 1217 2137 n⁰
1229 2082 1295 2139 1118
1313 2085 1394 2147 (3333
1405 2084 1494 2149 tols)-

392 2167 425 2223 ad
445 2178 499 2223 num
518 2166 584 2223 1113
607 2165 788 2229 (33331889).
809 2168 920 2223 Decreta
936 2166 1014 2234 iuxta
1037 2168 1107 2222 banc
1129 2167 1320 2224 collectionem
1337 2168 1382 2225 bic
1398 2171 1482 2225 citan-

391 2254 447 2311 tur.
460 2251 484 2306 si
497 2249 563 2305 inibi
577 2250 764 2305 inveniuntur.
776 2276 810 2285 -
821 2249 970 2304 instructio
988 2250 1013 2304 S.
1027 2249 1125 2314 Congu.
1138 2248 1173 2305 de
1188 2249 1269 2315 Pron.
1289 2251 1317 2306 F.
1331 2250 1393 2306 data
1409 2265 1492 2308 anno·
1604 2253 1605 2274 ³

391 2332 512 2393 1813131.
529 2332 704 2393 collectanea,
716 2330 903 2397 3111101333
915 2331 1002 2386 multa
1013 2329 1122 2387 decreta
1134 2332 1205 2387 circa
1217 2332 1326 2388 lucrum
1338 2346 1372 2388 ex
1384 2335 1482 2389 mutuo

391 2414 570 2481 colliguntur,
583 2414 665 2470 etiarn
678 2413 817 2468 invenitur
828 2415 888 2468 tum
901 2413 929 2467 in
943 2414 1101 2467 (3113311333
1112 2414 1227 2467 Latenoi
1238 2414 1319 2477 (Actu
1331 2420 1356 2468 et
1365 2416 1482 2469 Decreta

391 2512 533 2551 sacrorum
550 2497 724 2550 concliorum
741 2498 931 2552 recentiorum.
947 2496 976 2550 T.
990 2496 1032 2561 Vl,
1050 2511 1074 2552 c.
1094 2495 1211 2552 6111190.
1231 2496 1357 2562 l'riburgi
1374 2498 1481 2564 brisgo-

391 2581 460 2641 viae,
470 2577 581 2642 berder,
592 2576 677 2641 1881),
686 2580 745 2633 turn
758 2578 786 2633 13
799 2577 1491 2644 333133133333133131331333333.1111108111.

392 2676 419 2728 3.
432 2658 549 2717 309318.
562 2687 596 2696 -
606 2662 722 2726 Insuper
738 2661 852 2713 8333133
868 2660 1038 2724 Apostolicoe
1054 2662 1129 2714 Sedis
1146 2676 1274 2726 response
1290 2664 1364 2714 circu
1375 2663 1482 2715 lucrum

392 2759 426 2797 33
444 2750 536 2797 mulceo
555 2742 588 2795 31
605 2757 676 2796 anno
694 2745 760 2795 1822
776 2745 811 2795 ad
829 2743 910 2797 Febr.
930 2745 997 2796 1833
1016 2744 1045 2797 in
1064 2758 1150 2799 unum
1165 2743 1278 2799 collecta
1295 2742 1431 2799 habentur
1447 2743 1494 2798 ab·

392 2825 597 2891 archiepiscopo
616 2822 776 2880 Taurinensi
790 2823 922 2878 Fransoni
937 2842 943 2877 :
958 2826 1067 2888 oraeslo
1083 2824 1163 2879 nobis
1174 2827 1216 2880 est
1227 2822 1312 2879 editio
1325 2824 1483 2881 leodiensis

392 2906 541 2962 annitens.
555 2908 674 2969 -ltem,
689 2907 720 2960 11
732 2904 840 2961 decreta
859 2904 893 2960 ab
911 2919 983 2960 anno
1002 2904 1068 2960 1811
1083 2904 1116 2961 ad
1134 2920 1237 2961 annum
1252 2904 1318 2961 1838
1334 2906 1397 2961 data
1409 2907 1482 2963 inve

392 2990 516 3054 niuntur,
540 3002 593 3044 uua
612 3002 676 3043 curn
697 2988 875 3043 consectariis
899 2986 964 3043 inde
986 2985 1121 3051 deductis,
1143 2989 1173 3043 in
1194 2990 1308 3043 Litteris
1331 2992 1482 3043 amatoriis

392 3074 428 3126 D.
445 3073 601 3125 Belliceosis
613 3072 727 3133 31333331
744 3072 779 3123 ud
795 3071 900 3123 clerum
918 3084 982 3123 suae
999 3072 1126 3133 diocesis,
1146 3073 1220 3123 circu
1230 3072 1362 3134 quoddam
1374 3072 1482 3134 opusde

393 3160 483 3206 3333
492 3159 615 3207 recenter
622 3152 809 3217 editumtopus
818 3152 939 3207 auctoris
949 3152 1047 3214 Pueris,
1056 3150 1155 3217 deouo
1165 3151 1234 3206 inira
1244 3166 1271 3217 3.
1279 3150 1329 3213 80).
1339 3150 1482 3215 01111333.

398 3237 554 3301 Tieeiooiee
570 3248 664 3288 cursus
681 3235 835 3297 completus,
855 3233 919 3297 1111,
937 3248 961 3289 3.
982 3232 1274 3289 13331393-3313
1292 3233 1401 3289 decreta
1418 3248 1482 3289 curn

392 3317 528 3383 adjunctis
540 3316 680 3372 historicis
696 3316 778 3371 babet
794 3316 932 3371 03333133
945 3316 997 3380 (on.
1011 3318 1102 3380 3.,111,
1115 3331 1142 3382 o.
1156 3315 1283 3381 titt-lot),
1296 3319 1324 3372 31
1337 3317 1494 3383 praecinue-

392 3399 526 3466 onaedam
537 3412 608 3466 uuae
625 3399 654 3454 in
672 3398 762 3453 citatis
779 3397 989 3454 collectionibus
1008 3412 1063 3453 non
1080 3398 1225 3463 babentnr,
1240 3414 1264 3454 v.
1277 3412 1304 3465 g.
1319 3412 1482 3465 responsum

392 3487 441 3539 Pii
453 3487 494 3539 VI
503 3486 534 3541 ad
546 3484 666 3550 arcbieo.
677 3484 867 3545 Viennensem,
879 3484 911 3537 11
920 3483 987 3548 llug.
998 3481 1079 3545 1193;
1093 3484 1121 3537 S.
1132 3484 1364 3545 Poenitentieriue,
1378 3482 1408 3538 18
1416 3482 1480 3539 Feb.

393 3568 466 3634 1801;
483 3569 563 3623 Ceret.
579 3568 676 3631 Putea,
691 3568 722 3622 11
736 3567 809 3632 sept.
823 3564 897 3630 1808;
912 3566 960 3619 Pii
974 3564 1294 3631 1131933318138.
1309 3566 1481 3619 Paenitentia·

393 3650 608 3716 3133103331.
629 3648 708 3714 1830;
728 3650 755 3704 8.
779 3650 874 3714 Officii,
894 3646 1085 3703 191311835.
1105 3648 1161 3702 1133
1179 3646 1309 3703 ultimum
1329 3646 1480 3713 decretum,

392 3734 466 3800 cuod
478 3733 595 3800 alicujus
611 3738 653 3789 est
669 3732 800 3788 momenti
819 3745 853 3787 eo
871 3730 945 3797 cuod
963 3744 1094 3796 expresse
1111 3729 1231 3786 declarat
1242 3730 1412 3797 Encyclieam
1429 3732 1484 3784 Vix

391 3819 513 3881 pervenit
529 3815 689 3879 ‹tresoicere
707 3814 863 3869 universam
875 3813 1054 3876 Ecclesiam»,
1074 3814 1156 3868 etiam
1176 3812 1293 3868 babetur
1310 3812 1383 3879 nond
1394 3812 1482 3867 Gonu·

392 3898 546 3961 Butuntum,
569 3898 710 3962 Theolooie
726 3898 850 3959 moralis,
868 3897 896 3950 t·
908 3895 951 3951 ed.
970 3896 1119 3961 hispanica,
1132 3897 1152 3959 l,
1172 3910 1200 3961 3.
1213 3894 1271 3958 819,
1285 3899 1358 3961 3313,
1375 3895 1484 3952 313113-

393 3982 472 4044 gatar
483 3994 498 4034 a
510 3981 538 4034 P.
552 3980 710 4041 Lnuuuuuc,
729 3978 871 4044 Tbeotooie
883 3978 1006 4040 moratis,
1019 3977 1063 4033 ed.
1076 3976 1114 4040 9⁸,
1127 3979 1148 4039 1,
1161 3992 1188 4043 3.
1198 3975 1257 4040 681,
1270 3978 1334 4032 3313
1345 3976 1482 4042 (13133311

392 4063 556 4128 Brisgoviae.
569 4062 681 4127 ilerden,
695 4060 778 4125 1898),
789 4063 826 4123 31,
836 4060 995 4117 dubitanter
1006 4064 1106 4123 tamen,
1117 4061 1170 4117 aP.
1181 4062 1370 4121 1333333333.
1385 4062 1492 4121 Quies

392 4146 476 4197 113333
493 4147 525 4197 de
542 4146 655 4207 iustitio,
669 4140 767 4207 3158,
781 4145 846 4197 nola
864 4142 980 4208 (tingis,
994 4142 1117 4209 Beyaort,
1131 4141 1213 4205 1901).
1226 4168 1261 4179 -
1271 4143 1383 4198 llecrcla
1400 4143 1489 4199 elium

392 4226 523 4281 nonnulla
535 4227 606 4282 inter
618 4226 698 4281 citata
710 4225 890 4281 inveniuntur
901 4224 973 4292 apud
987 4225 1282 4291 Burrenum-Putarem,
1299 4225 1370 4291 opos
1385 4226 1490 4281 theob·
