3242 4959
485 433 550 478 car.
569 433 602 480 u.
619 431 836 478 ncconrnacrn
850 431 977 478 crnom.
1209 412 1272 478 293

175 594 453 670 tamtummodo
482 613 546 662 uon
573 604 682 678 agatur
708 595 746 660 de
774 595 856 660 bono
883 611 939 660 sen
963 595 1095 660 utilitate
1119 596 1270 660 omnium.
1312 564 1319 572 ι

178 693 347 757 Possidere
360 694 444 758 enim
463 711 512 759 res
532 694 687 776 privatim,
701 693 752 774 ius
772 703 821 758 est
840 710 859 757 a
875 703 984 758 natura
1000 693 1132 776 singulis
1151 693 1270 768 datum,

174 793 322 872 praecise
342 794 375 856 iu
395 795 533 859 omnium
555 794 719 858 utilitatem
736 812 745 858 :
760 802 792 858 et
805 795 946 876 quamuis
963 794 1016 872 jus
1035 795 1078 858 sit
1097 795 1269 876 personale,

174 902 287 956 tamen
311 894 342 958 iu
367 893 484 958 bouum
504 895 617 958 sociale
637 893 761 958 tendere
781 892 883 960 debet.
908 894 995 969 Quod
1016 894 1151 975 primum
1169 894 1271 974 requi·

174 992 278 1054 situm
293 992 326 1055 in
340 993 585 1074 expropriatione
600 993 749 1056 verificari
763 1001 874 1074 potest,
890 1010 926 1058 ae
940 994 1032 1058 etiam
1047 993 1080 1058 in
1099 993 1270 1074 praescrip·

173 1089 266 1152 tione
294 1091 359 1153 sire
386 1091 567 1170 acquisitiva
595 1091 659 1154 sire
687 1091 864 1168 liberativa;
894 1092 1077 1173 etquidem
1105 1091 1271 1156 necessitas

175 1189 318 1269 prtblica,
347 1191 374 1253 ri
399 1191 486 1271 cujus
510 1191 645 1272 legitime
670 1191 784 1270 aliquis
808 1192 1015 1272 praescribere
1039 1201 1148 1273 potest,
1175 1192 1203 1255 si
1227 1193 1270 1258 ita

175 1288 342 1368 legislator
356 1290 506 1362 statuerit,
519 1290 552 1352 in
563 1290 620 1354 boc
635 1289 784 1364 consistit,
798 1287 893 1370 quod,
905 1290 1021 1370 absque
1032 1290 1270 1371 praescriptione

176 1390 332 1470 legitima.
351 1390 402 1467 jus
428 1391 622 1472 proprietatis
640 1390 787 1470 privatae,
810 1389 850 1454 ad
870 1390 985 1454 bonum
1006 1390 1161 1454 societatis
1180 1389 1270 1454 insti·

173 1497 294 1556 tutum.
311 1489 344 1551 in
367 1489 482 1552 malum
504 1505 665 1554 commune
686 1497 824 1570 vergeret
838 1505 848 1552 :
864 1505 946 1564 cum,
961 1488 1067 1552 multis
1080 1489 1114 1552 in
1133 1489 1267 1566 casibus,

171 1587 289 1658 ¹litibus
304 1589 424 1652 occasio
439 1588 573 1663 claretur,
586 1587 735 1652 securitas
747 1587 826 1667 juris
840 1595 870 1651 et
881 1587 1086 1668 tranquillitas
1096 1587 1269 1652 animorum

175 1687 420 1766 perturbaretur,
430 1704 531 1751 rerum
542 1688 740 1752 commutatio
751 1695 842 1766 atque
853 1686 1082 1762 commercium,
1095 1686 1169 1750 viris
1180 1703 1268 1768 prae·

172 1785 288 1848 sertim
318 1786 480 1861 timoratis,
510 1785 573 1850 lere
602 1784 794 1865 impossibile
824 1785 919 1848 lieret.
950 1785 1064 1860 Quodsi
1092 1785 1268 1864 huiusmodi

172 1884 306 1946 socialis
320 1885 486 1948 necessitas
500 1884 538 1947 ad
558 1883 830 1964 praescriptionem
846 1882 1025 1964 legitimam,
1042 1883 1180 1948 omnium
1193 1900 1268 1949 con·

172 1999 295 2054 sensu,
326 1983 519 2061 requiratur,
551 1999 612 2046 uon
641 1981 816 2046 mirandum
841 1991 905 2057 est,
933 1982 966 2044 in
994 1981 1080 2062 praxi
1109 1991 1139 2046 et
1168 1981 1268 2063 quoad

170 2081 327 2160 ¹specialis
341 2081 590 2161 praescriptionis
605 2089 763 2156 statutum,
780 2080 896 2161 peritos
910 2079 1065 2160 disputare
1079 2090 1182 2144 utrum
1197 2082 1268 2144 talis

175 2179 348 2241 necessitas
368 2194 471 2241 revera
491 2178 573 2242 adsit
594 2195 699 2242 necne.
718 2181 767 2254 bt,
784 2176 866 2260 quod
887 2177 937 2242 bic
956 2178 1053 2242 nostri
1076 2177 1212 2253 interest,
1235 2186 1268 2242 ut

176 2277 339 2358 publicum
366 2277 442 2342 illud
468 2279 593 2353 bonum,
620 2278 707 2356 cujus
732 2278 831 2358 gratia
858 2276 1056 2358 praescriptio
1085 2276 1265 2353 instituitur,
1310 2314 1313 2319 ·

171 2375 364 2450 obtineatur,
380 2377 583 2440 communiter
601 2377 771 2455 requirunt,
788 2391 843 2456 pro
861 2374 1100 2457 praescriptione
1121 2392 1189 2438 vore
1210 2374 1266 2442 do·

174 2475 269 2538 minii
298 2473 488 2550 translativa,
518 2474 629 2539 bonam
661 2474 762 2549 bilem,
792 2473 928 2554 adeoque
963 2473 1085 2537 titulum
1119 2474 1264 2555 aliquem,

175 2573 294 2639 realem
319 2579 373 2636 aut
396 2573 505 2636 saltem
532 2574 712 2655 putativum.
740 2573 1011 2637 praetermittendo
1035 2589 1107 2654 ergo
1132 2581 1267 2638 caeteras

173 2671 433 2753 praescriptionis
461 2673 662 2749 conditiones,
693 2674 747 2737 illa
776 2672 909 2738 conditio
941 2672 1077 2752 praecise
1112 2672 1205 2753 exigit
1233 2680 1267 2737 ut

173 2772 404 2852 praescribens,
418 2772 457 2836 ob
472 2773 619 2836 motivum
635 2773 816 2852 objectivum
832 2779 904 2852 puta
915 2771 1049 2850 aliquem
1064 2778 1265 2859 contractum,

173 2885 346 2950 persuasus
367 2870 418 2946 sit,
435 2887 468 2934 se
480 2870 530 2949 ius
544 2871 656 2934 babere
670 2872 704 2934 iu
716 2887 749 2934 re
763 2886 917 2951 possessa.
940 2869 1021 2944 Quae
1042 2869 1122 2933 bona
1143 2869 1219 2934 tides
1239 2871 1265 2934 si

171 2969 311 3042 cleesset,
325 2969 524 3048 praescriptio
535 2981 616 3034 esset
626 2985 682 3049 pro
696 2968 762 3033 ioro
777 2969 897 3032 interno
912 2968 1065 3046 inefficar3
1082 2985 1170 3033 secus
1180 2968 1267 3034 lavor

165 3067 313 3144 ¹lucibus,
331 3068 443 3132 nedum
459 3069 539 3132 bono
554 3069 721 3144 communi,
739 3067 944 3148 praeberetur.
961 3066 993 3130 Si
1008 3083 1079 3131 vero
1095 3067 1175 3132 bona
1191 3067 1266 3132 fides

172 3182 250 3230 cum
266 3167 393 3230 caeteris
408 3167 634 3232 conditionibus
648 3167 744 3244 adest,
758 3174 787 3232 et
800 3166 893 3229 simul
907 3163 991 3230 deest
1001 3166 1039 3229 cle
1050 3165 1131 3230 iacto
1146 3165 1266 3231 validus

178 3265 234 3327 ille
256 3265 467 3329 translationis
488 3267 605 3341 titulos,
629 3283 720 3346 quem
738 3265 856 3345 iustitia
870 3265 973 3346 exigit,
991 3271 1074 3341 tunc,
1090 3266 1130 3330 ob
1150 3266 1265 3330 bonum

172 3363 305 3438 sociale,
319 3364 477 3444 legislator
490 3381 663 3446 supremus,
676 3365 706 3428 vi
722 3365 774 3430 alti
788 3363 931 3441 dominii,
944 3363 1068 3445 supplet
1081 3362 1162 3443 quod
1177 3363 1264 3427 titulo

173 3463 328 3542 requisito
343 3463 455 3528 delicit.

162 3607 164 3613 ,
220 3562 433 3638 securoque
459 3562 594 3626 validum
620 3562 674 3628 alti
700 3560 827 3626 dominii
848 3559 1026 3626 exercitium
1047 3559 1211 3640 requiritur
1231 3567 1266 3624 ut

162 3709 165 3716 .
169 3660 228 3739 jus
242 3661 437 3742 proprietatis
451 3662 587 3741 privatae
602 3677 671 3726 vere
686 3660 878 3735 translatum,
896 3666 1042 3739 qnantum
1062 3669 1092 3721 et
1112 3656 1264 3739 quomodo

177 3759 288 3840 possit,
316 3758 593 3840 coaequalitatem
620 3763 840 3840 compensetur.
865 3756 969 3831 Quoad
995 3755 1264 3837 praescriptionem

160 3859 373 3934 nominatim,
387 3875 451 3922 non
466 3858 686 3938 requiritur-
701 3873 756 3922 nec
771 3855 918 3937 possibile
932 3861 1011 3918 esset
1024 3885 1066 3900 ν-
1080 3861 1114 3916 ut
1127 3853 1261 3933 singulo,

171 3963 284 4021 contra
310 3971 399 4036 quem
429 3956 467 4021 de
495 3956 575 4022 lacto
603 3955 829 4038 praescribitur,
859 3961 956 4018 status
982 3953 1099 4016 aliusve
1126 3953 1265 4033 privatus

161 4047 338 4136 ¹aequalem
353 4056 486 4120 valorem
511 4057 672 4134 retribuat;
690 4055 742 4119 secl
763 4052 873 4118 sufficit
893 4061 937 4129 ut,
954 4051 1100 4131 respectis
1120 4050 1265 4116 omnibus

173 4154 514 4238 adpraescriptionem
541 4156 707 4237 requisitis,
734 4153 932 4236 praescriptio
954 4168 1020 4216 vere
1045 4151 1263 4217 inutilitatem
