3242 4959
424 425 487 510 {64
793 462 866 509 rans
880 462 1002 512 lamna.
1020 463 1100 508 sacr.
1117 463 1138 508 r.

422 627 552 707 pecunia
567 641 629 692 non
643 625 702 689 nisi
715 624 754 689 ad
765 641 814 688 res
826 625 902 705 ipsis
916 626 1092 690 immediate
1106 627 1294 691 necessarias
1308 627 1520 708 acquirendas

422 723 467 786 uti
481 739 582 804 posse,
599 724 657 787 boc
670 722 834 786 haberetur
846 738 882 786 ex
897 724 1050 804 principio
1065 724 1169 804 aliquo
1190 724 1292 788 altiori
1313 724 1392 806 legis
1412 741 1513 790 mora·

422 821 472 897 lis,
486 837 548 886 non
562 829 674 894 autem,
687 829 722 885 ut
732 821 822 886 dictis
836 829 919 902 patet
932 838 968 886 ex
980 823 1097 886 ratione
1112 823 1260 904 pecuniae
1271 826 1316 902 (a).
1330 825 1393 888 Nec
1403 840 1515 890 verum:

420 928 465 985 est
480 921 639 985 admittere
654 921 685 984 S.
704 921 875 991 Ductorem.
892 921 1033 985 homines
1054 922 1185 1002 pecunia
1207 923 1250 985 uti
1276 938 1338 986 non
1359 939 1450 1003 posse
1472 923 1508 987 ad

419 1036 469 1084 rcs
483 1035 545 1083 non
559 1019 759 1096 necessarias,
777 1019 807 1082 id
823 1026 869 1083 est
883 1019 923 1084 ad
937 1019 1057 1084 lucrum
1075 1020 1249 1085 laciendum
1265 1039 1273 1085 :
1291 1022 1405 1085 etenim
1426 1029 1510 1104 post-

419 1137 513 1200 quam
541 1118 659 1180 locutas
684 1123 729 1180 cat
754 1116 793 1180 de
815 1118 1023 1198 nepotialione
1042 1118 1083 1182 ad
1105 1136 1154 1182 rec
1174 1120 1374 1196 uaesanae,
1396 1120 1506 1186 addit:

422 1217 526 1280 «nibil
543 1217 684 1298 probibet
698 1217 817 1280 lucrium
831 1215 966 1280 ordinari
979 1218 1018 1280 ad
1033 1218 1167 1297 aliquem
1190 1218 1282 1282 finem
1302 1220 1517 1284 necessarium

419 1317 466 1379 vel
482 1317 574 1379 etiam
588 1316 807 1390 honestum;...
826 1314 944 1378 sicul...
961 1331 1031 1379 cum
1052 1315 1166 1396 aliquis
1187 1316 1385 1394 negotiationi
1409 1317 1509 1382 inlen-

419 1414 465 1479 dit
475 1421 604 1496 propter
613 1412 772 1495 publicam
793 1411 972 1489 utilitatem,
991 1430 1029 1477 ne
1051 1414 1169 1478 scilicet
1190 1429 1239 1477 res
1258 1415 1449 1479 necessariae
1469 1415 1520 1478 ad'
1595 1405 1596 1410 ’

417 1513 514 1577 citam
528 1511 654 1593 patriae
668 1511 786 1587 desint;
803 1519 833 1574 et
855 1511 973 1575 lucrum
995 1513 1119 1592 expetit,
1137 1528 1198 1577 uon
1220 1514 1307 1593 quasi
1331 1514 1436 1580 linem.
1454 1514 1507 1578 sed

418 1611 506 1693 quasi
521 1609 708 1692 stipendium
731 1610 873 1674 laboris»
891 1613 937 1689 (el.
955 1613 1019 1675 Hoc
1040 1628 1113 1675 sane
1134 1612 1226 1676 modo
1248 1613 1396 1694 probatur
1417 1630 1518 1679 omae·

418 1708 634 1774 commercium
650 1708 860 1789 industriaque
879 1710 990 1786 omnis,
1008 1710 1173 1775 dummodo
1195 1711 1315 1792 legibus
1337 1713 1517 1776 moralibus¹

418 1806 580 1872 altioribus
594 1808 782 1889 regulentur.

451 2057 486 2120 (l)
502 2057 561 2114 Non
576 2056 731 2123 negandum
746 2061 789 2113 est
805 2056 979 2114 Aristolelcm
998 2056 1189 2121 (Petilieorum
1201 2058 1229 2114 L.
1242 2059 1263 2119 l.
1276 2057 1339 2114 lect.
1351 2057 1411 2123 69:
1431 2060 1503 2113 Etai-

418 2155 512 2196 comm
523 2140 551 2196 L.
565 2140 596 2203 V,
608 2139 671 2196 lect.
683 2137 709 2202 9)
720 2138 816 2195 odium
833 2139 944 2206 aliquod
963 2153 1028 2205 erga
1047 2139 1244 2195 commercium
1255 2138 1443 2205 manifestam
1457 2155 1516 2197 nec·

418 2223 532 2290 insuper
548 2221 704 2289 negandum
721 2221 748 2277 S.
761 2222 903 2288 illamam,
916 2222 983 2279 baec
1001 2223 1060 2278 loca
1078 2221 1298 2288 commentando,
1315 2236 1371 2278 non
1389 2224 1515 2290 positive·

417 2306 613 2362 commercium
633 2303 666 2359 ad
688 2304 796 2361 lucrum
819 2303 921 2360 lactum
944 2305 1138 2370 cohonestare;
1163 2307 1337 2360 tamencum
1361 2304 1433 2361 illud
1455 2319 1515 2362 nec·

417 2391 535 2458 positive
544 2390 736 2454 condemnare,
748 2392 824 2456 patet
835 2390 878 2447 vel
896 2404 930 2447 cx
947 2404 981 2447 eo
997 2390 1073 2458 quod
1086 2391 1114 2446 in
1126 2391 1238 2444 &imina
1254 2390 1399 2456 tbcolopica
1410 2390 1503 2448 ecdem
1597 2379 1598 2402 ¹

417 2472 543 2529 doctrina
559 2471 607 2529 scd
625 2471 701 2538 large
717 2471 860 2538 explicata.
874 2473 1052 2540 intelligendo
1071 2486 1169 2539 nempe
1187 2472 1377 2528 necessitatem
1387 2486 1503 2526 comma

416 2569 479 2609 aem
490 2556 519 2611 el
530 2568 586 2611 non
597 2555 739 2621 privatam.
751 2555 946 2612 commercium
959 2555 1112 2622 legitimum
1123 2555 1205 2611 dicat.
1219 2553 1338 2611 Tandem
1348 2569 1446 2611 verum
1463 2557 1516 2612 esl-

416 2636 590 2694 bristotelem
608 2636 724 2704 eittsque
743 2640 985 2694 commentatorem
1007 2638 1143 2704 respicere
1164 2636 1197 2692 ad
1216 2640 1341 2692 naturam
1361 2638 1512 2703 pecuniae..

416 2722 551 2786 quatenus
562 2718 677 2785 pecunia
690 2718 798 2774 inventa
816 2721 859 2775 est
875 2721 982 2776 tantum
1000 2718 1034 2775 ad
1050 2719 1293 2775 commutationem
1306 2732 1400 2774 rerum
1412 2732 1500 2776 neces

415 2801 562 2866 sariarum;
582 2799 630 2856 sed
645 2799 801 2857 addendum
819 2803 862 2856 est
880 2802 954 2867 ipsos
972 2801 1042 2856 banc
1060 2806 1185 2856 naturam
1205 2800 1337 2867 pecuniae
1353 2800 1501 2857 contradis

416 2883 542 2949 linquere
560 2883 594 2938 ab
614 2897 667 2939 usu
688 2883 820 2949 pocumae
836 2895 893 2949 quo
912 2882 1057 2939 inserviret
1075 2881 1108 2937 ad
1129 2882 1293 2938 numismata
1312 2881 1511 2949 congreganda·
1598 2903 1599 2964 l

416 2978 472 3020 non
488 2964 601 3031 quidem
618 2967 754 3032 quatenus
770 2963 880 3020 divitias
898 2963 1035 3020 naturales
1053 2967 1081 3020 ot
1100 2976 1177 3019 veras
1196 2965 1442 3028 repraesentarent,
1454 2962 1499 3019 sed

417 3045 542 3102 unioead
553 3047 716 3101 numismata
727 3058 781 3113 qua
792 3044 856 3100 talia
874 3044 1058 3111 possidenda:
1072 3044 1147 3112 quod
1165 3049 1237 3101 esset
1255 3045 1399 3111 proprium
1418 3045 1499 3101 avari·
1598 3045 1599 3084 ἐ

414 3129 470 3184 tiae
480 3131 509 3185 et
519 3126 687 3194 cupiditatis,
697 3141 761 3184 cum
773 3127 802 3182 in
814 3128 1025 3185 numismatibus
1036 3127 1189 3184 abstractis.
1198 3129 1231 3183 ul
1242 3141 1325 3194 supra
1337 3128 1498 3192 notavimus,

415 3225 472 3267 non
491 3212 641 3268 consistant
660 3211 812 3267 formaliter
831 3211 950 3268 divitiae.
974 3212 1050 3268 Unde
1073 3211 1267 3278 negotiationis
1289 3213 1326 3267 ila
1349 3212 1512 3270 intellectae-

415 3292 582 3349 illiceitatem
593 3293 706 3350 deducit
720 3293 881 3349 Aristoteles
898 3293 1011 3360 quidem
1028 3308 1063 3350 ex
1082 3297 1177 3349 natura
1197 3293 1338 3359 pecuniae.
1351 3293 1401 3350 scd
1412 3307 1501 3350 marea

415 3374 562 3431 ultimatim
579 3388 614 3430 ex
630 3377 726 3430 natura
739 3375 867 3431 bominis.
882 3373 919 3432 el.
932 3389 958 3429 v.
972 3389 1008 3442 g„
1022 3376 1202 3430 Palilicorum
1214 3376 1243 3431 L.
1252 3377 1273 3440 1,
1285 3375 1347 3431 lect.
1360 3374 1386 3440 8,
1397 3376 1426 3430 in
1437 3375 1498 3431 llne.

413 3456 502 3514 ldedio
510 3459 602 3512 autem
611 3469 686 3520 aevo,
697 3460 823 3513 auctores
831 3460 860 3513 et
868 3457 1005 3524 imprimis
1013 3457 1040 3513 S.
1051 3458 1178 3523 Thomas,
1188 3457 1337 3513 insumam
1347 3459 1497 3524 tlwatopica,

412 3545 557 3598 transeunt
574 3538 730 3596 immediate
747 3541 777 3595 in
794 3541 845 3596 bac
860 3554 890 3597 re
906 3540 939 3596 ad
959 3543 1084 3598 naturam
1102 3541 1232 3606 bominis,
1251 3541 1319 3608 quin
1340 3541 1506 3609 plerumque
1598 3575 1599 3582 .

411 3637 542 3691 expresse
564 3624 599 3680 de
622 3625 719 3679 natura
737 3625 868 3688 pecuniae
886 3625 1045 3691 loquantur.
1063 3624 1189 3682 —Unde
1212 3638 1268 3680 non
1287 3629 1361 3682 recle
1378 3624 1499 3693 loquitur

410 3708 434 3764 J.
453 3708 545 3762 Fauna
564 3707 615 3771 (Le
626 3707 687 3772 pret
698 3708 715 3760 d
726 3707 827 3760 interit
841 3709 909 3760 dans
926 3708 1073 3762 l'aactanne
1085 3710 1203 3770 Fraace.
1216 3721 1244 3774 p.
1256 3706 1319 3773 lc),
1332 3708 1512 3764 contendens·
1568 3713 1570 3724 ·

410 3789 584 3847 Aristotelem
606 3804 622 3845 a
645 3789 796 3846 scolasticis
817 3803 872 3845 non
896 3790 948 3846 rite
966 3803 1028 3846 csse
1045 3791 1230 3856 intellectum,
1254 3804 1318 3846 cum
1341 3790 1508 3848 Aristoteles

410 3872 607 3928 commercium
622 3885 657 3927 ex
677 3874 774 3926 natura
796 3871 928 3937 pecuniae
948 3870 1089 3939 dijudicat,
1112 3872 1249 3930 scolastici
1269 3885 1335 3929 vero
1351 3885 1387 3928 ex
1405 3875 1499 3930 natura

411 3954 537 4010 bumana.

442 4034 477 4096 (θ)
493 4034 531 4091 cl.
544 4035 573 4090 i·
584 4035 634 4099 iae,
653 4049 681 4101 q.
695 4034 814 4100 Lxxvll,
834 4048 858 4091 a.
875 4034 900 4099 l.
913 4047 937 4090 e.
951 4061 984 4071 —
995 4036 1025 4090 ln
1043 4035 1177 4102 opusculo
1195 4036 1237 4090 Dc
1254 4037 1385 4102 repimiae
1402 4037 1510 4102 prinm-

408 4130 483 4181 pam,
495 4117 524 4172 L.
537 4118 569 4182 11,
583 4131 607 4172 e.
620 4116 645 4180 3,
660 4117 707 4173 ubi
720 4117 843 4173 severius
862 4116 897 4173 de
913 4121 1066 4174 mercatura
1083 4119 1216 4186 loquitur,
1230 4118 1389 4174 nullalenus
1399 4131 1459 4175 eam
1470 4116 1508 4172 itu

408 4210 439 4254 se
449 4197 568 4263 damnat,
581 4198 629 4256 sed
641 4212 676 4255 ex
687 4198 876 4256 accidentibus
888 4198 1029 4266 diiudicat.
