3242 4959
420 399 481 464 tlt
791 416 863 462 runs
878 415 998 461 nnrnnn.
1016 415 1095 462 scor.
1112 395 1145 459 ιζ

1588 113 1590 176 1

1588 179 1590 228 t

421 580 644 660 aequivalentia
668 581 837 661 possessori
872 582 972 661 primo
1001 581 1051 659 ius
1083 581 1170 644 adest
1200 590 1235 644 ut
1265 580 1419 644 secundus
1444 580 1503 661 ipsi
1588 545 1590 594 ¹

419 680 521 744 loenus
546 680 678 744 tribuat?
700 679 814 754 Quodsi
842 680 903 743 imo
925 679 1129 760 aequivaleret
1155 679 1278 760 capitali
1305 678 1387 759 quod
1413 695 1500 759 penes

419 778 586 844 debitorem
603 796 691 842 suum
707 778 859 858 producit,
877 795 917 841 an
932 779 999 859 ipse
1012 777 1062 856 jus
1075 778 1167 842 babet
1182 787 1215 840 nt
1234 776 1336 841 lenus
1358 777 1504 841 tribuatur
1589 791 1590 802 ¹

418 872 684 959 pecuniosorum
700 878 823 959 capitali
839 879 904 958 ipse
920 886 988 942 actu
1004 894 1065 941 non
1080 877 1237 956 oonJunxit
1252 893 1307 941 nec
1322 877 1506 956 coniungen-

419 977 489 1042 dam
511 977 677 1051 mandarit,
695 995 731 1042 eo
752 978 798 1040 vel
819 977 918 1057 magis
934 977 1015 1057 quod
1031 977 1096 1058 ipse
1112 977 1254 1056 capitalis
1276 975 1505 1058 productionem

419 1093 481 1140 non
496 1077 693 1140 sustinuerit?

1588 903 1590 962 l

343 1182 345 1185 ’
461 1175 581 1250 Quibus
599 1176 743 1239 omnibns
757 1185 840 1256 patet
855 1175 1064 1256 quaestionem
1081 1176 1118 1238 de
1131 1175 1248 1254 justitia
1263 1173 1392 1239 foenoris
1407 1176 1506 1239 nnlla-
1589 1165 1590 1176 ’

419 1280 509 1337 tenus
525 1273 659 1354 generali
682 1273 815 1353 quodam
837 1273 1015 1353 syllogismo
1035 1273 1152 1336 absolvi
1173 1289 1273 1353 posse.
1303 1273 1390 1347 Quod
1415 1273 1501 1348 ualet,

419 1374 538 1438 etiamsi
560 1383 734 1455 poneretur,
763 1373 844 1453 quod
868 1373 1005 1454 plerique
1031 1372 1146 1436 notioni
1169 1371 1310 1452 capitalis
1338 1371 1508 1452 descriptae

1588 1283 1590 1340 l

419 1472 554 1537 faventes
568 1480 697 1554 ponunt,
715 1473 847 1553 capitolo
861 1488 981 1552 semper
997 1472 1057 1552 ipsi
1073 1471 1243 1552 possessori
1259 1470 1296 1534 de
1312 1470 1392 1534 laeto
1407 1480 1435 1535 et
1451 1485 1508 1551 per
1589 1479 1590 1550 j

419 1588 452 1634 se
475 1571 689 1652 productivum
710 1587 777 1634 esse
801 1587 809 1634 ε
835 1570 948 1633 etenim
975 1581 1046 1633 tunc
1067 1569 1200 1634 insoluta
1222 1578 1380 1632 manerent
1401 1569 1508 1632 ultima

419 1668 857 1749 quaesita,qnomodosoilicet
868 1668 1037 1730 auctarium
1049 1667 1189 1746 capitalis
1201 1667 1257 1730 sub
1268 1665 1398 1730 ioenoris
1410 1666 1505 1730 forma

419 1785 438 1832 a
462 1768 598 1832 debitore
623 1767 661 1831 ad
684 1767 864 1831 creditorem
889 1767 1042 1830 transiret.
1067 1766 1165 1840 Unde,
1188 1767 1247 1830 hoo
1272 1774 1391 1828 tantum
1416 1766 1508 1830 modo

419 1867 597 1931 admittatur
611 1866 766 1930 conclusio
785 1883 792 1928 :
810 1866 950 1945 capitale,
964 1871 1060 1946 prout
1075 1866 1112 1929 de
1128 1865 1207 1928 lacto
1222 1881 1254 1929 se
1269 1865 1372 1940 babet,
1386 1880 1504 1945 reprae·
1589 1869 1590 1926 i

420 1975 556 2031 sentatur
570 1967 658 2047 pleno
673 1967 801 2047 pecnnia
817 1966 1030 2045 aequivalenti,
1047 1966 1075 2030 si
1091 1967 1155 2047 ipsc
1169 1983 1326 2048 possessor
1342 1966 1506 2046 pecuniam

419 2085 510 2130 suoru
531 2084 600 2128 cum
615 2067 743 2147 capitoli
764 2071 940 2129 commutat.
959 2065 991 2129 Si
1006 2082 1077 2129 vero
1093 2065 1253 2146 pecuniam
1268 2081 1356 2128 suam
1372 2064 1510 2128 obsoleto
1589 2055 1590 2082 ¹

419 2164 508 2228 modo
527 2164 617 2227 atteri
632 2162 740 2239 credit,
755 2181 795 2227 an
810 2164 939 2244 pecnnia
956 2164 1056 2245 ipsius
1071 2163 1187 2227 loenore
1202 2174 1290 2227 aucta
1306 2170 1512 2244 repraesentet

418 2264 481 2345 ipsi
492 2273 565 2327 actu·
575 2264 705 2343 capitale
717 2262 942 2343 productivum,
957 2263 1098 2342 utramvis
1109 2262 1212 2326 lorsam
1224 2262 1377 2343 potuisset
1392 2279 1511 2344 reprae-

420 2365 558 2427 sentare?
574 2365 609 2440 tal
625 2364 689 2426 lloo
704 2363 876 2442 quaesitum
891 2378 927 2425 en
942 2362 1051 2442 positis
1066 2361 1244 2442 praemissis
1260 2379 1322 2425 non
1337 2363 1465 2426 solvitur
1479 2369 1511 2426 et.
1589 2443 1590 2458 χ

420 2464 452 2526 in
468 2461 667 2541 sequentibus
682 2471 818 2524 remanet
832 2461 1076 2524 dilucidandum.

452 2672 487 2736 ll)
503 2671 649 2727 Recentius
666 2669 779 2737 cuidam
796 2671 931 2734 auctores,
953 2670 1078 2736 quamvis
1097 2670 1253 2726 nullatenus
1272 2671 1443 2727 honestatem
1461 2671 1509 2727 loe·
1589 2647 1590 2660 ἵ

419 2755 496 2810 noris
508 2756 646 2820 negantes,
656 2757 849 2819 argumentum
857 2753 1045 2809 oeconomistis
1058 2753 1136 2819 ntrasi
1145 2767 1291 2808 commune
1301 2753 1506 2818 labefactarunt,

419 2849 483 2892 oum
491 2835 585 2891 crisim
595 2835 766 2891 instituerint
774 2836 891 2892 minoris
899 2836 1139 2902 statutae:«atoni
1149 2836 1272 2902 capitalis
1282 2839 1345 2892 nota
1355 2836 1510 2894 essentialis

418 2920 460 2974 est
472 2917 501 2972 in
513 2917 566 2972 boc
576 2917 652 2985 nuod
665 2932 713 2984 per
724 2931 754 2973 se
765 2919 919 2974 auctarium
938 2917 1101 2984 producit».
1114 2917 1154 2973 tn
1168 2917 1243 2984 quod
1256 2922 1392 2974 assertum
1410 2919 1510 2976 merito

419 3001 523 3056 notavit
535 3001 564 3055 L.
577 3000 650 3056 diano
665 3000 717 3065 (op,
731 3015 764 3062 c..
777 3015 805 3066 p.
819 2999 861 3063 86)
875 3020 881 3056 :
895 3018 911 3049 u
920 3000 965 3056 liir
976 3000 1021 3064 die
1032 2999 1233 3057 Produlrtivitiit
1249 3001 1298 3057 des
1315 3002 1434 3067 Kapitals
1452 2999 1508 3058 und.

420 3082 474 3139 den
486 3084 618 3149 jcdcrzeit
635 3083 817 3148 pesobcffcueu
840 3085 989 3136 Mcbrwcrt
1009 3083 1098 3139 haben
1117 3097 1193 3139 zwar
1213 3083 1258 3139 die
1278 3085 1400 3140 llutoren
1420 3084 1510 3141 dieser

420 3164 537 3220 'lbeorie
547 3163 719 3219 denBeweis
730 3163 806 3219 nicbt
822 3163 955 3229 gelielert,
970 3165 1117 3221 immerbin
1135 3165 1172 3221 ist
1189 3166 1239 3221 mit
1256 3165 1306 3222 der
1324 3167 1437 3222 lnsiobt
1454 3179 1506 3222 von

420 3245 471 3301 der
482 3244 681 3300 Prodnktivitit
692 3244 741 3300 des
752 3245 872 3312 Kapitals
883 3246 944 3303 eine
956 3247 1071 3302 weltere
1089 3246 1284 3313 Schwenkung
1294 3247 1363 3303 nacb
1375 3247 1426 3304 der
1437 3248 1509 3304 Seite

421 3325 470 3381 des
488 3325 655 3382 Scbnldners
672 3327 720 3382 bin
737 3327 872 3394 gemacht,
885 3327 931 3383 die
946 3327 1043 3384 darant
1054 3329 1194 3393 binuueist,
1211 3332 1273 3383 dass
1290 3329 1359 3383 ttoss
1376 3332 1511 3396 merope

420 3409 544 3473 Kapt'tct,
567 3409 679 3462 welches
701 3411 844 3475 productio
865 3413 905 3463 sci
926 3413 981 3464 und
1003 3411 1154 3464 Mcbrwcrt
1177 3426 1297 3478 crzeupe,
1319 3412 1389 3464 aucit
1410 3414 1509 3466 Ziuscu

420 3493 533 3558 brtupcu
544 3493 639 3547 tenue.
651 3519 685 3529 —
696 3493 733 3550 Cl.
747 3494 891 3556 Snvnrrrn,
905 3508 946 3558 op.
960 3509 994 3558 o..
1008 3509 1035 3560 p.
1049 3493 1098 3550 181
1110 3509 1133 3549 s.
1146 3498 1174 3550 et
1185 3496 1295 3561 passim.
1306 3494 1416 3551 Thesim
1429 3507 1508 3562 uuam

422 3575 467 3629 bic
477 3578 574 3631 auctor
585 3574 715 3640 defendit,
730 3576 872 3632 reducitur
885 3576 917 3632 ad
931 3576 984 3631 hoc
996 3595 1003 3630 :
1017 3594 1033 3625 «
1043 3576 1083 3632 les
1094 3575 1399 3646 conditionsdeJustioe
1410 3578 1508 3645 qn’uno

420 3655 539 3713 reformo
556 3657 615 3713 doit
633 3658 754 3724 imposer
770 3674 805 3715 au
824 3659 921 3726 capital
941 3657 1073 3716 moderno
1092 3673 1163 3725 pour
1184 3659 1210 3715 le
1231 3658 1328 3714 rendre
1345 3659 1505 3727 acceptable,

420 3740 484 3794 sont
495 3738 536 3795 les
547 3739 616 3795 trois
627 3740 767 3796 suivantes
779 3759 786 3795 z
800 3740 922 3807 (lhanger
933 3740 959 3796 la
971 3741 1134 3808 conception
1145 3739 1285 3808 incidique
1301 3740 1338 3796 du
1355 3740 1463 3808 capital,
1474 3751 1508 3795 en

421 3821 462 3877 lni
470 3823 675 3878 communicant
685 3837 717 3878 oo
727 3822 793 3890 qu’il
805 3839 825 3890 y
836 3837 851 3878 a
863 3823 1017 3880 d'ossentiel
1030 3823 1098 3880 dans
1110 3823 1136 3879 lu
1147 3827 1244 3880 nature
1256 3825 1283 3880 et
1295 3822 1335 3880 les
1346 3823 1507 3891 obligations

389 3926 392 3931 ¹
421 3903 456 3960 de
474 3905 500 3960 la
517 3904 668 3973 propriore,
680 3906 789 3963 suivant
806 3907 832 3962 la
849 3904 982 3964 ve'ritable
999 3907 1096 3963 notion
1114 3906 1149 3964 de
1166 3907 1281 3964 collect.
1293 3907 1467 3964 -Eliminer
1483 3905 1508 3960 la

422 3999 504 4042 cause
521 3987 557 4043 de
574 3987 728 4054 plus-valuo
739 3987 842 4054 iniuste
859 3989 907 4056 qni
927 3989 1053 4056 provient
1071 3989 1106 4046 de
1123 3989 1321 4056 l'exploitation
1336 3990 1385 4046 des
1399 3989 1508 4046 besoins
1589 4017 1590 4024 .

424 4068 473 4124 des
488 4071 669 4136 travaillenrs,
682 4086 731 4138 par
743 4085 798 4128 une
809 4070 880 4130 torte
892 4073 1077 4139 organisation
1095 4072 1129 4128 de
1147 4072 1171 4128 la
1190 4073 1344 4140 protection
1355 4072 1392 4130 du
1405 4069 1503 4133 travail,

425 4149 508 4207 allant
524 4149 630 4219 jusqu’a
647 4153 751 4220 primer
769 4153 939 4221 t’bypothese
957 4154 992 4210 de
1010 4152 1128 4210 l'intdret
1147 4153 1184 4210 du
1205 4154 1312 4220 capital.
1331 4182 1365 4192 —
1381 4154 1506 4211 Eliminor

1588 4155 1590 4232 l
