3242 4959
438 495 501 541 cau.
526 496 546 539 r.
571 494 702 541 rusroam
725 495 920 549 ouansrroms.
1181 479 1224 543 49

130 657 267 732 ciuntur,
296 658 396 738 magis
422 657 533 721 directe
558 657 596 720 ad
622 656 747 720 modam
772 658 883 738 apendi
904 658 1078 739 practicam
1104 660 1135 721 in
1164 660 1223 725 hac

130 771 245 819 usurae
274 756 451 835 quaestione
479 756 642 836 pertinent.
670 756 775 830 Quoad
804 757 869 832 illa,
898 773 975 837 quac
1004 759 1036 821 S.
1065 758 1225 823 Pontificis

130 853 416 933 interpretationem
441 862 471 917 et
495 854 730 934 applicationem
757 854 978 935 principiorum
1003 857 1222 920 oeconomicam

130 952 335 1027 constituunt,
363 962 523 1016 annotetur
547 954 737 1033 praesertim,
761 953 851 1017 sicuti
877 971 934 1017 nec
956 956 1155 1031 consultores,
1180 956 1222 1019 ita

129 1066 192 1115 nec
207 1052 403 1115 Benedictum
418 1052 487 1115 lllV
504 1051 663 1115 admittere
674 1053 958 1134 praesumptionem
979 1054 1054 1117 lucri
1075 1055 1226 1118 cessantis

130 1150 303 1213 aliorumve
325 1152 492 1227 titulorum,
511 1168 567 1214 nec
586 1159 757 1215 contractus
775 1151 942 1232 implicitos
960 1152 1093 1232 practice
1113 1153 1225 1217 saltem

130 1249 274 1327 probare.
302 1249 475 1328 «Quisquis
501 1250 595 1329 igitur
620 1265 692 1312 suae
717 1250 920 1313 conscientiae
942 1251 1114 1314 consultum
1137 1252 1220 1328 velit,

129 1348 277 1427 inquirat
296 1348 389 1429 prins
414 1348 578 1428 dilipenter
602 1355 731 1429 oportet,
759 1365 869 1412 verene
894 1365 965 1412 cum
993 1358 1098 1413 mutuo
1121 1350 1224 1428 iustus

130 1447 215 1510 alius
235 1448 351 1524 titulus,
369 1464 477 1511 verene
493 1448 593 1526 justus
615 1449 728 1511 altera
749 1457 855 1512 mutuo
876 1457 1049 1512 contractus
1071 1459 1222 1527 occurrat,

130 1562 265 1626 quorum
280 1547 437 1621 beneficio,
455 1546 535 1626 quod
552 1547 671 1625 quaerit
687 1545 817 1622 luorum,
837 1547 938 1611 omnis
958 1548 1037 1611 labis
1057 1565 1175 1627 expers,
1193 1555 1223 1613 ei

130 1645 270 1709 immune
285 1644 427 1709 reddatur
442 1647 515 1722 (ll...
534 1646 590 1719 Qui
613 1646 651 1708 ab
672 1646 755 1709 omni
777 1662 888 1709 usurae
910 1646 1033 1710 labese
1056 1646 1222 1725 immunes,

131 1750 163 1807 et
176 1744 313 1824 integros
333 1753 486 1824 praestare
501 1743 617 1817 volunt,
636 1759 783 1824 suamque
798 1744 959 1824 pecuniam
975 1744 1017 1807 ita
1032 1744 1119 1806 alteri
1135 1744 1220 1820 dare,

130 1850 167 1905 ot
182 1842 314 1907 fructum
334 1842 505 1923 legitimum
524 1842 716 1906 solummodo
738 1843 918 1923 percipiant,
944 1843 1129 1907 admonendi
1151 1851 1224 1907 suot

132 1946 170 2003 nt
195 1946 383 2004 contractam
413 1942 638 2005 instituendam
667 1941 948 2018 emendatiorem,
977 1950 1006 2005 ct
1032 1941 1225 2006 conditiones

132 2041 312 2104 inserendas
327 2041 489 2120 explicent,
504 2050 534 2105 et
548 2058 638 2121 quem
653 2040 786 2104 fructum
802 2059 839 2103 cx
853 2041 960 2104 eadem
976 2042 1106 2121 pecunia
1121 2049 1224 2120 postu·

133 2139 207 2203 lent.
226 2139 307 2202 llaec
321 2154 505 2220 magnopere
526 2139 686 2203 conferunt
704 2156 765 2203 non
785 2140 875 2203 modo
895 2140 933 2203 ad
953 2140 1048 2203 animi
1072 2140 1222 2203 sollicitu-

133 2237 238 2300 dinem
253 2244 283 2300 et
297 2239 456 2318 scrupulos
471 2238 638 2313 evitandos,
657 2238 709 2301 sed
725 2238 762 2301 ad
778 2240 881 2319 ipsum
901 2246 1088 2303 contractum
1108 2239 1140 2300 in
1155 2238 1223 2303 ioro

133 2349 257 2401 externo
273 2337 533 2418 comprobandum
548 2360 562 2395 r
580 2339 627 2415 (a).

175 2438 283 2501 Utrum
299 2436 352 2500 ille
366 2436 475 2499 modus
490 2436 600 2516 agendi
616 2436 766 2515 practicus
779 2443 809 2499 et
824 2436 877 2498 illa
892 2435 1115 2516 principiorum
1131 2436 1223 2499 inter-

132 2536 273 2615 pretatio,
286 2535 324 2598 ad
340 2534 475 2597 medium
490 2551 515 2597 s.
529 2535 637 2607 livill,
652 2534 684 2596 in
700 2534 787 2597 ltalia
802 2533 903 2597 adhue
915 2533 1007 2596 fuerit
1018 2542 1219 2614 opportunus

133 2650 203 2697 cum
223 2634 342 2697 duobus
362 2633 473 2696 abhinc
492 2632 623 2695 saeculis
638 2632 845 2711 probatissimi
862 2641 1001 2695 auctores
1014 2632 1077 2711 iam
1093 2633 1221 2696 ulterius

133 2733 195 2795 sint
211 2733 375 2812 progressi,
394 2738 506 2794 etcum
521 2731 627 2811 paucis
643 2731 732 2794 annis
748 2738 853 2809 postea
868 2747 885 2794 a
901 2731 1007 2793 multis
1028 2731 1178 2811 theologis
1192 2739 1222 2795 et

133 2833 258 2913 quidem
273 2848 372 2896 morra
387 2847 529 2911 suprema
544 2832 610 2911 ipsa
625 2831 802 2893 auctoritate
814 2830 851 2893 ad
865 2830 1023 2901 titulorum
1035 2847 1222 2912 praesump-

134 2932 248 2995 tionem
263 2931 378 2995 reditus
401 2933 462 3007 iat,
480 2948 573 2994 -ao
595 2947 664 2993 vero
686 2930 852 3009 aliqualem
874 2930 960 2992 illius
981 2931 1114 3009 epochae
1136 2947 1221 2995 sere·

133 3032 253 3094 ritatem
269 3031 433 3111 practicam
448 3029 509 3092 aad
525 3029 684 3109 scrupulos
695 3028 877 3091 evitandos»
892 3029 1037 3103 redoleat,
1054 3030 1144 3092 nobis
1158 3047 1221 3094 non

134 3137 179 3193 est
193 3129 441 3204 examinandum,
459 3144 527 3192 cum
542 3128 601 3191 hoc
615 3128 652 3191 ad
668 3128 735 3207 ipsa
750 3127 903 3207 principia
915 3129 948 3190 in
964 3144 996 3191 se
1011 3146 1073 3192 non
1094 3136 1219 3208 spectet,

135 3236 163 3291 et
185 3244 254 3292 cum
276 3229 401 3307 insuper
422 3227 460 3291 ad
482 3227 542 3290 tale
567 3228 737 3305 quaesitum
753 3236 850 3291 totum
865 3234 981 3290 statum
997 3228 1219 3291 oeconomicum

135 3328 239 3390 ltaliae
255 3327 339 3390 illius
352 3326 498 3406 temporis
513 3324 628 3404 inquiri
643 3333 806 3405 oporteret.

216 3584 282 3661 §ll
309 3583 522 3648 Controversia
537 3584 688 3663 qeneralis
703 3602 799 3665 usqne
814 3582 855 3646 od
871 3582 1139 3646 perturbationem

597 3682 749 3762 pollicum.

177 3879 251 3941 Data
267 3877 397 3940 solemni
410 3877 468 3940 hac
483 3876 685 3941 declaratione
698 3876 866 3956 pontificia,
879 3875 996 3939 utinam
1012 3874 1124 3937 animis
1140 3882 1221 3938 tran-

139 3976 283 4055 quillitas,
314 3976 468 4041 mentibus
496 3976 548 4039 lux
577 3976 715 4039 immissa
744 3974 850 4038 suerit!
880 3977 921 4038 At
949 3974 1078 4038 multum
1104 3973 1217 4038 abluit!

169 4164 202 4227 (l)
219 4164 256 4221 Cf.
276 4165 328 4217 Vix
339 4167 469 4230 peruenit,
483 4164 495 4227 i
507 4164 532 4229 3,
545 4165 575 4220 V.
665 4228 667 4233 .

170 4244 204 4311 (i)
222 4244 259 4302 Gi.
272 4246 319 4312 rit,
333 4246 344 4309 i
356 4244 382 4301 9.
