3242 4959
430 471 471 536 48
877 494 949 539 raus
971 494 1067 540 rurou.
1124 496 1127 502 ’

430 655 513 720 niam
535 657 573 721 ab
595 671 777 735 unoquoque
798 671 897 733 suam,
919 673 975 737 per
995 656 1073 720 alios
1093 655 1230 721 diversae
1248 672 1374 737 prorsus
1392 665 1522 722 naturae

430 756 559 819 amutui
582 764 690 819 natura
706 762 890 829 contractus,
906 765 986 819 recte
1007 755 1150 820 collocari
1173 764 1203 819 et
1223 756 1371 837 impendi.
1395 758 1460 822 siue
1477 757 1518 821 ad

429 864 594 936 proventus
608 855 667 918 sibi
683 870 801 917 annuos
817 855 1052 935 conquirendos,
1066 856 1130 917 sive
1145 855 1237 918 etiam
1252 855 1290 918 ad
1307 856 1422 920 licitam
1436 873 1516 920 mer·

429 962 577 1029 caturam,
605 962 634 1016 et
659 953 895 1033 negotiationem
922 951 1133 1031 exercendam,
1163 954 1351 1034 honestaque
1380 953 1516 1019 indidem

429 1053 515 1117 lucra
529 1053 736 1134 percipienda.
753 1076 767 1109 »

470 1152 504 1215 4⁰
528 1176 542 1210 a
615 1152 641 1215 si
656 1152 712 1215 rite
732 1150 835 1215 omnia
850 1161 1046 1233 peragantur,
1063 1160 1092 1215 et
1110 1151 1149 1215 ad
1166 1152 1302 1231 iustitiae
1324 1153 1435 1217 libram
1455 1154 1519 1217 eni·

430 1259 550 1332 gantur,
568 1250 771 1313 dubitandum
787 1267 848 1313 nou
864 1258 920 1325 est,
938 1250 1012 1330 quin
1027 1250 1188 1331 multiplex
1203 1251 1236 1313 in
1251 1251 1361 1314 iisdem
1380 1260 1516 1315 contrac-

429 1349 511 1413 tibus
537 1349 638 1413 licitus
663 1348 772 1411 modus
798 1357 828 1411 et
855 1350 932 1413 ratio
955 1357 1096 1430 suppetat
1117 1349 1251 1414 humana
1272 1352 1466 1426 commercia,
1487 1359 1517 1414 et

428 1448 615 1513 fructuosam
631 1449 730 1528 ipsam
745 1447 983 1528 negotiationem
995 1448 1037 1510 ad
1057 1449 1214 1528 pubiicum
1234 1448 1429 1513 commodum
1443 1466 1516 1514 con·

428 1547 581 1623 servandi,
598 1564 634 1611 ac
648 1546 899 1626 frequentandi...
916 1570 930 1603 ι

470 1649 502 1710 5⁰
526 1646 618 1710 «Sed
643 1646 720 1710 illud
746 1645 908 1726 diiigenter
934 1645 1235 1710 animadvertendum
1262 1655 1324 1722 est,
1351 1647 1430 1711 lalso
1456 1648 1515 1712 sibi

429 1761 624 1826 quemquam.
647 1753 676 1807 et
696 1745 821 1807 nonnisi
842 1752 954 1808 temere
975 1760 1204 1824 persuasumm,
1231 1746 1356 1825 reperiri
1383 1763 1512 1827 semper,

429 1860 464 1908 ac
483 1852 602 1923 praesto
622 1843 735 1923 ubique
753 1860 831 1918 esse,
848 1843 894 1906 rel
916 1858 975 1905 una
997 1859 1067 1907 cum
1089 1850 1195 1907 mutuo
1219 1844 1324 1908 titulos
1345 1845 1423 1908 alios
1445 1845 1515 1926 legi-

428 1942 531 2028 timos,
548 1942 594 2005 vel
610 1944 729 2006 secluso
744 1942 836 2005 etlam
852 1950 968 2018 mutuo,
983 1950 1156 2005 contractus
1170 1943 1249 2005 alios
1261 1943 1370 2022 iustos,
1384 1959 1514 2023 quorum

428 2040 474 2103 vel
489 2040 646 2103 titulorum
659 2040 704 2103 vel
717 2048 926 2103 contractuum
938 2039 1101 2119 praesidio,
1112 2041 1362 2121 quotiescumque
1373 2043 1511 2121 pecunia,

428 2138 626 2215 frumentum,
643 2139 764 2202 aliudve
780 2139 812 2202 id
827 2139 948 2219 generis
963 2138 1049 2202 alteri
1067 2139 1248 2218 cuicumque
1266 2140 1410 2217 creditur,
1428 2141 1515 2204 toties

427 2257 548 2321 semper
576 2241 665 2305 liceat
693 2240 861 2303 auctarium
891 2238 1094 2312 moderatum,
1121 2239 1201 2303 ultra
1224 2247 1337 2303 sortem
1367 2239 1514 2321 integram

428 2341 615 2420 salvamque,
644 2340 788 2419 recipere.
814 2340 858 2401 lto
883 2338 909 2400 si
936 2338 1006 2417 quis
1031 2338 1171 2415 senserit,
1201 2354 1263 2401 nou
1288 2336 1379 2402 modo
1404 2338 1518 2401 divinis

428 2439 629 2513 documentis
647 2447 676 2501 et
692 2437 859 2501 catholicae
881 2437 1034 2500 Ecclesiae
1057 2436 1094 2500 de
1115 2453 1210 2500 usura
1229 2435 1356 2515 judicio,
1380 2438 1434 2500 sed
1455 2437 1513 2518 ipsi

426 2538 519 2602 etiam
531 2538 665 2601 humano
681 2536 837 2599 communi
852 2535 968 2610 sensui,
984 2551 1020 2599 ao
1030 2535 1163 2598 naturali
1178 2535 1291 2598 rationi
1303 2535 1408 2614 procul
1423 2534 1515 2600 dubio

428 2635 648 2700 adversabitur.
676 2634 836 2697 Neminem
865 2634 948 2696 euim
975 2634 1006 2697 id
1036 2633 1144 2696 saltem
1174 2633 1266 2697 latere
1295 2641 1403 2714 potest,
1435 2632 1515 2714 quod

428 2735 535 2799 multis
550 2734 582 2795 in
598 2734 721 2797 casibus
737 2740 873 2795 teneatur
888 2732 990 2806 homo,
1008 2731 1141 2811 simplici
1159 2748 1195 2817 ac
1210 2731 1291 2795 nudo
1309 2740 1415 2795 mutuo
1430 2731 1515 2795 alteri

428 2848 615 2909 succurrere,
638 2833 705 2914 ipso
720 2834 901 2913 praesertim
919 2833 1038 2896 Christo
1054 2833 1184 2896 Domino
1203 2833 1348 2896 edocente
1369 2831 1516 2896 «volenti

428 2939 534 2996 mutuo
550 2948 567 2994 a
583 2940 622 3006 te,
641 2948 678 2993 ne
693 2931 882 3006 avertaris»,
899 2938 928 2994 et
942 2929 1022 3009 quod
1040 2928 1181 2992 similiter
1202 2930 1308 2992 moltis
1332 2930 1363 2992 iu
1386 2930 1516 2993 circum-

430 3033 561 3107 stantiis,
579 3040 697 3111 praeter
712 3048 808 3094 uuum
827 3040 978 3107 mutuum,
995 3030 1083 3094 alteri
1103 3030 1180 3093 nulli
1197 3046 1266 3094 vero
1283 3030 1426 3109 justoque
1445 3046 1517 3094 con·

429 3131 539 3195 tractui
555 3131 639 3194 locus
654 3147 720 3194 esse
735 3130 842 3210 possit.
861 3129 1006 3209 Quisquis
1021 3129 1115 3209 igitur
1134 3145 1207 3191 suae
1226 3129 1430 3192 conscientiae
1445 3145 1517 3193 con·

430 3229 546 3293 sultum
558 3229 641 3303 velit,
654 3229 790 3307 inquirat
801 3227 887 3307 prius
899 3227 1061 3307 diligenter
1072 3235 1201 3307 oportet,
1213 3243 1322 3290 verene
1331 3243 1401 3290 cum
1413 3236 1517 3290 mutuo

427 3328 528 3407 iustus
555 3327 635 3389 alius
664 3326 782 3400 titulus,
811 3341 920 3389 verene
944 3325 1045 3403 justus
1070 3325 1147 3387 alter
1172 3342 1190 3388 a
1216 3334 1321 3388 mutuo
1346 3331 1518 3389 contractus

431 3433 579 3501 occurrat,
596 3442 727 3506 quorum
747 3424 905 3499 beneficio,
922 3424 1004 3503 qnod
1024 3424 1143 3504 quaerit
1165 3425 1295 3501 lucrum,
1318 3424 1419 3487 omnis
1440 3424 1519 3488 labis

430 3544 549 3609 expers,
566 3533 596 3591 et
609 3528 746 3590 immune
762 3526 918 3590 reddatur.
938 3546 952 3581 s

475 3627 685 3700 «Historiis,
703 3625 787 3688 addit
806 3624 988 3688 Benedictus
1006 3624 1086 3699 lllV,
1109 3623 1352 3703 complectuntur
1374 3630 1403 3686 et
1423 3621 1516 3703 eupli·

429 3735 500 3791 cant
514 3724 679 3789 sententias
694 3740 765 3787 suas
784 3722 972 3794 cardinales,
992 3738 1028 3785 ac
1047 3722 1205 3803 Theologi,
1228 3731 1258 3785 et
1278 3721 1336 3784 viri
1360 3721 1515 3785 canonum

431 3824 622 3906 peritissimi,
640 3838 770 3903 quorum
786 3822 949 3886 consilium
964 3822 997 3883 iu
1012 3822 1069 3891 hoc
1083 3820 1265 3902 gravissimo
1281 3820 1402 3901 negotio
1417 3827 1517 3900 postu·

432 3922 602 3986 lauimus...
628 3921 842 4001 Approbamus
868 3927 898 3983 et
922 3920 1140 3984 confirmamus
1166 3933 1374 3999 quaecumque
1395 3918 1428 3980 in
1448 3933 1516 3981 seu-

432 4021 537 4084 temiis
552 4021 692 4101 superius
706 4019 853 4099 expositis
870 4019 1073 4083 continentur.
1089 4040 1105 4074 »

398 4108 400 4113 ’
476 4122 512 4183 ln
532 4120 616 4185 hisce
638 4135 709 4201 ergo
732 4118 867 4198 quinque
892 4117 1063 4193 sententiis,
1086 4117 1221 4180 medulla
1242 4116 1397 4180 doctrinae
1417 4113 1515 4196 ponti·

435 4219 520 4283 liciae
535 4226 581 4281 est
595 4217 783 4299 quaerenda;
801 4218 920 4297 reliqua
934 4225 1063 4297 quatuor
1077 4225 1201 4296 puncta,
1215 4233 1292 4297 quae
1303 4216 1413 4280 deinde
1427 4213 1519 4291 subji-
