3242 4959
393 425 461 504 ’110
770 454 1074 502 namurcensem.
1092 456 1151 501 1.-
1236 485 1241 490 .

391 602 571 684 mutunm'a
585 617 740 682 ministris·
750 635 788 682 ex
801 617 902 682 officio
915 617 1032 693 datum,
1049 651 1091 666 -
1104 634 1182 698 quae
1197 618 1366 683 differentia
1380 618 1413 685 in
1427 621 1495 686 boc·

389 722 446 780 *est
465 715 546 796 qnod
568 715 645 780 iliud
667 732 722 797 per
746 731 779 779 sc
801 716 841 779 sit
862 717 1039 797 gratuitum,
1056 726 1087 779 et
1103 717 1162 780 boo
1182 733 1303 797 semper
1322 734 1495 782 onerosum

395 829 464 878 csse
479 815 587 896 possit,
603 848 644 862 -
659 815 756 878 oritur
769 815 882 896 partim
896 831 932 878 err
949 814 1052 878 iabore
1066 815 1164 896 pretio
1178 816 1382 881 aestimando.

438 913 552 977 Eadem
581 911 749 976 industriae
777 913 873 976 virtus
898 913 1046 976 tucrativa
1063 912 1300 990 manifestatur,
1330 922 1492 997 utsupra

390 1010 513 1076 dictum
528 1019 584 1087 est,
598 1020 752 1076 contractu
767 1011 889 1076 cambii.
903 1012 1045 1087 Etiamsi,
1057 1013 1317 1092 quemadmodum
1330 1022 1491 1091 mutuum,

397 1112 477 1176 circa
497 1127 562 1174 rem
583 1111 616 1174 in
637 1127 669 1174 se
690 1110 899 1174 inioecundam
920 1120 1102 1187 versaretur,
1119 1127 1230 1192 nempe
1248 1113 1410 1192 pecuniam
1423 1110 1496 1194 pato

392 1211 570 1294 pecuniam,
584 1219 685 1275 tamen
700 1211 903 1276 communiter
917 1220 1089 1276 contractus
1103 1228 1159 1292 per
1170 1229 1203 1275 se
1214 1213 1367 1292 campsori
1383 1213 1486 1277 lucra-

397 1311 477 1374 11111
498 1310 627 1374 babetur
649 1326 657 1373 :
681 1325 751 1373 curn
773 1311 882 1373 saltem
904 1309 1014 1373 titulus
1032 1309 1114 1389 adsit
1133 1310 1303 1375 industriae
1324 1327 1378 1375 sen
1404 1311 1499 1376 labo—

397 1409 635 1488 rist1)‚sivein
655 1409 785 1490 pecunia
805 1409 1006 1486 numeranda,
1028 1410 1237 1487 custodienda,
1262 1411 1488 1488 transferenda,

397 1511 462 1574 sive
483 1510 617 1590 cujusvis
638 1509 728 1573 atius.
745 1510 783 1573 Et
803 1510 858 1584 ita,
876 1510 939 1588 jam
961 1510 1000 1575 ob
1020 1509 1135 1574 laboris
1156 1511 1289 1598 titutum,
1313 1508 1499 1576 contractus-

398 1609 510 1674 cambii
531 1615 577 1672 est
602 1608 784 1683 lucretium,
807 1607 881 1672 dum
902 1619 1061 1685 mutuum,
1083 1609 1163 1690 quod
1191 1619 1291 1674 tamen
1312 1611 1490 1675 essentiali·

330 1715 331 1719 ’
397 1715 444 1770 ter
459 1707 494 1784 (a)
507 1705 683 1769 distantiam
699 1705 845 1786 temporis
859 1706 960 1785 quoad
979 1709 1199 1788 praestationes
1222 1717 1345 1773 mutuas
1364 1718 1491 1773 contra·

397 1804 535 1868 bantium
550 1804 704 1883 importat,
718 1812 764 1867 cst
774 1805 1028 1885 gratuitus-lit
1043 1807 1085 1870 ita
1098 1808 1162 1887 Jam
1176 1808 1288 1872 meiius
1301 1808 1502 1890 perspicitur

399 1901 536 1966 doctrina
548 1901 825 1980 stromatum
836 1919 928 1982 quam
938 1904 1241 1986 aliquisdepecoaio
1252 1906 1362 1969 lucrari
1373 1905 1488 1986 possit,

400 2000 453 2064 sed
466 2000 551 2078 juxta
563 2016 654 2080 quam
669 2001 794 2081 insuper
805 2002 934 2082 pecunia
945 2002 983 2075 ad
997 2003 1115 2067 tucrum
1127 2020 1160 2068 se
1172 2004 1350 2086 babeatper
1362 2003 1501 2067 modom·

386 2101 558 2176 materiae,
575 2116 638 2164 non
652 2100 749 2164 instar
763 2101 887 2177 radicis,
904 2101 947 2165 ita
960 2112 995 2166 ut
1009 2103 1127 2166 lucrum
1147 2104 1186 2167 sit
1208 2105 1329 2184 proprie
1350 2104 1493 2168 tribuera-

384 2199 475 2264 dum
489 2195 646 2276 sagacitati
668 2216 703 2263 ac
724 2199 892 2264 industriae
914 2200 1071 2265 lucrantia
1089 2205 1133 2266 lta
1155 2204 1247 2266 etiarn
1266 2211 1348 2284 patet
1369 2203 1492 2284 impro-

399 2301 500 2383 prium
516 2316 582 2363 esse
597 2308 626 2363 ct
641 2299 743 2363 minus
758 2300 958 2364 scientificum
970 2301 1095 2364 rnodum
1110 2302 1254 2382 loquendi
1269 2294 1502 2383 posteriorum

400 2401 465 2481 qui,
482 2399 588 2464 eadem
604 2414 728 2480 prorsus
748 2397 946 2462 fundamenta
960 2400 1141 2464 doctrinalia
1155 2408 1313 2481 ponentes.
1330 2416 1493 2464 nonnum-

400 2516 493 2580 quam
517 2500 555 2570 de
580 2498 710 2578 pecunia
738 2506 771 2561 nt
797 2499 874 2562 tueri
899 2498 1004 2562 radice
1024 2500 1201 2579 loquuntur,
1226 2508 1257 2564 et
1276 2516 1330 2580 per
1357 2501 1504 2580 figuram·

399 2597 630 2663 foecunditatem
644 2595 768 2670 1111111,
786 2612 878 2676 quam
893 2596 1002 2661 iisdem
1017 2598 1050 2660 in
1066 2598 1141 2661 iocis
1154 2615 1295 2678 expresse
1310 2598 1501 2674 adstruunt.

399 2697 432 2759 in
450 2695 615 2778 pometiam
638 2693 836 2758 transierunt.
854 2695 940 2769 Quod
962 2695 1000 2758 de
1021 2697 1130 2759 virtute
1153 2697 1299 2760 lucrativa
1319 2695 1434 2759 laboris
1454 2695 1504 2760 in·

399 2796 519 2861 cambio
534 2795 657 2870 dicitur,
675 2811 693 2858 a
706 2792 824 2858 fortiori
840 2794 1003 2858 dicendum
1017 2792 1063 2859 est
1077 2795 1177 2875 quoad
1193 2803 1380 2860 contractum
1401 2808 1504 2876 emp-

400 2894 691 2958 tionis-conditionis
704 2917 714 2955 :
726 2895 759 2957 in
769 2911 831 2974 quo
841 2893 997 2959 doctrinae
1008 2896 1158 2959 elemento
1169 2894 1490 2958 nonvacatinsistero.

399 3151 505 3208 etiamsi
515 3148 532 3206 8
541 3147 584 3205 vel
597 3148 669 3204 1011
681 3147 775 3204 10011)
787 3147 984 3204 iilissoivenda
999 3150 1092 3204 essent
1105 3165 1113 3202 :
1126 3143 1194 3204 dum
1205 3147 1279 3203 enim
1291 3147 1345 3202 boo
1355 3149 1445 3203 totum
1456 3146 1501 3204 in.

400 3232 576 3289 commodum
600 3229 711 3286 iliorum
733 3231 797 3295 agit,
821 3232 849 3285 et
871 3229 956 3285 veluti
979 3229 1120 3295 negotium
1143 3228 1255 3284 illorum
1278 3227 1384 3285 utiliter
1404 3229 1491 3295 gerit,

386 3355 387 3358 ,
400 3309 1503 3380 111111111111111111111111111111111111111111111011111111,

400 3411 488 3462 opo„
503 3393 773 3462 blandoniae.

433 3479 468 3542 tt)
485 3479 582 3536 Contra
600 3478 670 3534 bano
688 3477 851 3533 sententiam
868 3489 942 3532 unus
958 3475 1071 3542 allegari
1083 3475 1154 3532 solet
1165 3475 1318 3533 01111111
1327 3477 1433 3542 (opusc.
1445 3477 1503 3532 De·

399 3563 519 3628 1111111,
529 3576 554 3618 1.
564 3561 601 3624 b:
614 3560 678 3628 unia
690 3559 766 3616 labor
778 3559 929 3626 campsoris
940 3562 1050 3615 nonest
1061 3557 1151 3624 pretio
1161 3558 1348 3622 aestimabitis,
1357 3562 1386 3614 et
1394 3558 1504 3616 labore·

399 3645 542 3712 oampsarii
554 3645 757 3710 compensatur.
769 3671 803 3681 -
815 3645 924 3699 Praeter
935 3643 1010 3698 huno
1021 3642 1144 3707 titulum,
1156 3656 1222 3698 sane
1233 3641 1278 3696 alii
1290 3642 1373 3698 etiam
1391 3641 1492 3709 proba·

398 3729 499 3785 bantur
510 3727 704 3791 communiter,
717 3740 787 3793 auos
798 3725 901 3782 videsis
917 3725 990 3792 apud
1006 3729 1132 3782 auctores
1143 3724 1267 3792 ejusdem
1279 3724 1395 3791 periodi,
1407 3727 1436 3780 11
1452 3723 1491 3781 de

398 3811 499 3879 ouibus
518 3810 599 3866 nobis
616 3805 668 3875 pro
686 3822 771 3874 scopo
788 3807 835 3864 bio
852 3822 909 3863 non
925 3813 968 3864 est
985 3806 1131 3874 agendum.
1142 3807 1288 3863 -Notum
1304 3809 1347 3862 est
1364 3805 1443 3861 Pium
1454 3804 1500 3869 V„

397 3894 470 3951 sicut
492 3892 578 3950 edidit
602 3891 706 3947 bullam
723 3890 758 3946 de
777 3891 906 3946 censibus
926 3891 994 3945 Com
1012 3904 1079 3944 onus
1100 3891 1134 3953 (1.
1155 3888 1240 3954 1569),
1261 3890 1298 3945 ita
1315 3886 1436 3945 edidisse
1452 3885 1491 3942 de

397 3977 512 4034 cambiis
524 3977 560 4029 In
573 3990 633 4028 eom
644 3985 679 4038 ta.
692 3973 777 4036 1511),
789 3972 823 4029 11
835 3972 969 4040 quosdam
981 3972 1016 4029 de
1028 3972 1062 4028 iis
1077 3973 1180 4029 abusus
1192 3970 1388 4039 prohibendos,
1400 3971 1491 4031 nomi·

397 4061 481 4115 natim
493 4057 600 4114 cambia
618 4057 743 4121 «sicca»,
764 4056 792 4111 in
809 4057 912 4122 ouibus
929 4058 1035 4111 tantum
1053 4055 1128 4111 tiotio
1146 4060 1205 4112 erat
1220 4054 1371 4110 translativi
1383 4053 1501 4110 aliusne

397 4139 508 4196 laboris.
522 4139 561 4196 Gi.
575 4139 735 4192 Butturtum
748 4152 901 4202 romonum,
914 4137 958 4194 ed.
973 4137 1064 4203 Taum,
1078 4137 1131 4201 vti,
1145 4151 1172 4202 p.
1184 4135 1234 4193 eet
1245 4151 1268 4192 s.

430 4224 464 4287 (1)
481 4223 608 4288 Quamvis
619 4221 702 4276 etiam
714 4221 865 4278 existerent
876 4221 980 4276 cambia
989 4219 1147 4276 distantiam
1159 4219 1292 4285 temporis
1301 4217 1499 4285 importantia*

397 4304 450 4359 boc
461 4315 632 4370 nequaquam
645 4301 678 4358 ad
690 4302 837 4358 essentiam
856 4302 965 4368 cambii,
978 4301 1210 4368 quamadmodum
1221 4301 1312 4358 mutui
1322 4299 1497 4368 pertinebat.
