<?xml version="1.0" encoding="UTF-8"?>
<!DOCTYPE html PUBLIC "-//W3C//DTD XHTML 1.0 Transitional//EN"
    "http://www.w3.org/TR/xhtml1/DTD/xhtml1-transitional.dtd">
<html xmlns="http://www.w3.org/1999/xhtml" xml:lang="en" lang="en">
 <head>
  <title>
</title>
<meta http-equiv="Content-Type" content="text/html;charset=utf-8" />
  <meta name='ocr-system' content='tesseract 3.04.00' />
  <meta name='ocr-capabilities' content='ocr_page ocr_carea ocr_par ocr_line ocrx_word'/>
</head>
<body>
  <div class='ocr_page' id='page_1' title='image "./dejustoauctario00roeygoog_0157.png"; bbox 0 0 3242 4959; ppageno 0'>
   <div class='ocr_carea' id='block_1_1' title="bbox 373 448 1240 512">
    <p class='ocr_par' dir='ltr' id='par_1_1' title="bbox 373 448 1240 512">
     <span class='ocr_line' id='line_1_1' title="bbox 373 448 1240 512; baseline 0.003 -3"><span class='ocrx_word' id='word_1_1' title='bbox 373 463 438 509; x_wconf 78' lang='lat' dir='ltr'>aar.</span> <span class='ocrx_word' id='word_1_2' title='bbox 455 464 476 509; x_wconf 91' lang='lat'>1.</span> <span class='ocrx_word' id='word_1_3' title='bbox 494 463 637 510; x_wconf 83' lang='lat' dir='ltr'>rnrucrrn</span> <span class='ocrx_word' id='word_1_4' title='bbox 653 464 800 510; x_wconf 73' lang='lat' dir='ltr'>saumana:</span> <span class='ocrx_word' id='word_1_5' title='bbox 815 464 1019 510; x_wconf 75' lang='lat' dir='ltr'>oeconomorum</span> <span class='ocrx_word' id='word_1_6' title='bbox 1181 448 1240 512; x_wconf 77' lang='grc'>119</span> 
     </span>
    </p>
   </div>
   <div class='ocr_carea' id='block_1_2' title="bbox 148 627 1239 1202">
    <p class='ocr_par' dir='ltr' id='par_1_2' title="bbox 148 627 1239 1202">
     <span class='ocr_line' id='line_1_2' title="bbox 149 627 1238 708; baseline 0.004 -17"><span class='ocrx_word' id='word_1_7' title='bbox 149 627 266 691; x_wconf 92' lang='lat' dir='ltr'>tionem</span> <span class='ocrx_word' id='word_1_8' title='bbox 279 627 430 692; x_wconf 87' lang='lat' dir='ltr'>destinata</span> <span class='ocrx_word' id='word_1_9' title='bbox 442 636 668 708; x_wconf 86' lang='lat' dir='ltr'>repraesentare</span> <span class='ocrx_word' id='word_1_10' title='bbox 679 637 788 708; x_wconf 88' lang='lat' dir='ltr'>potest,</span> <span class='ocrx_word' id='word_1_11' title='bbox 801 663 842 674; x_wconf 96' lang='lat'>-</span> <span class='ocrx_word' id='word_1_12' title='bbox 853 630 1004 693; x_wconf 87' lang='lat' dir='ltr'>tamenab</span> <span class='ocrx_word' id='word_1_13' title='bbox 1015 629 1152 708; x_wconf 86' lang='lat' dir='ltr'>ejusdem</span> <span class='ocrx_word' id='word_1_14' title='bbox 1164 647 1238 695; x_wconf 87' lang='lat' dir='ltr'>eon·</span> 
     </span>
     <span class='ocr_line' id='line_1_3' title="bbox 149 726 1239 808; baseline 0.003 -18"><span class='ocrx_word' id='word_1_15' title='bbox 149 734 239 805; x_wconf 81' lang='lat' dir='ltr'>coptu</span> <span class='ocrx_word' id='word_1_16' title='bbox 259 741 321 788; x_wconf 92' lang='lat' dir='ltr'>non</span> <span class='ocrx_word' id='word_1_17' title='bbox 344 741 435 806; x_wconf 88' lang='lat' dir='ltr'>posse</span> <span class='ocrx_word' id='word_1_18' title='bbox 460 726 606 805; x_wconf 84' lang='lat' dir='ltr'>separari,</span> <span class='ocrx_word' id='word_1_19' title='bbox 624 743 695 789; x_wconf 93' lang='lat' dir='ltr'>nam</span> <span class='ocrx_word' id='word_1_20' title='bbox 718 727 847 807; x_wconf 86' lang='lat' dir='ltr'>pecunia</span> <span class='ocrx_word' id='word_1_21' title='bbox 870 727 954 790; x_wconf 83' lang='lat' dir='ltr'>nulla</span> <span class='ocrx_word' id='word_1_22' title='bbox 977 743 1013 790; x_wconf 87' lang='lat' dir='ltr'>ex</span> <span class='ocrx_word' id='word_1_23' title='bbox 1034 736 1180 808; x_wconf 89' lang='lat' dir='ltr'>conceptu</span> <span class='ocrx_word' id='word_1_24' title='bbox 1202 745 1239 794; x_wconf 90' lang='lat' dir='ltr'>ac</span> 
     </span>
     <span class='ocr_line' id='line_1_4' title="bbox 148 824 1236 905; baseline 0.003 -19"><span class='ocrx_word' id='word_1_25' title='bbox 148 833 260 888; x_wconf 88' lang='lat' dir='ltr'>natura</span> <span class='ocrx_word' id='word_1_26' title='bbox 281 825 319 888; x_wconf 87' lang='lat' dir='ltr'>ad</span> <span class='ocrx_word' id='word_1_27' title='bbox 341 824 421 887; x_wconf 91' lang='lat' dir='ltr'>bona</span> <span class='ocrx_word' id='word_1_28' title='bbox 442 825 683 888; x_wconf 87' lang='lat' dir='ltr'>consummanda</span> <span class='ocrx_word' id='word_1_29' title='bbox 704 824 906 905; x_wconf 82' lang='lat' dir='ltr'>significanda</span> <span class='ocrx_word' id='word_1_30' title='bbox 927 825 1131 905; x_wconf 81' lang='lat' dir='ltr'>restringitur,</span> <span class='ocrx_word' id='word_1_31' title='bbox 1156 827 1236 889; x_wconf 94' lang='lat' dir='ltr'>mul·</span> 
     </span>
     <span class='ocr_line' id='line_1_5' title="bbox 148 924 1237 1006; baseline 0.001 -19"><span class='ocrx_word' id='word_1_32' title='bbox 148 932 242 1004; x_wconf 83' lang='lat' dir='ltr'>toque</span> <span class='ocrx_word' id='word_1_33' title='bbox 263 924 367 987; x_wconf 91' lang='lat' dir='ltr'>minus</span> <span class='ocrx_word' id='word_1_34' title='bbox 387 924 486 987; x_wconf 90' lang='lat' dir='ltr'>eidem</span> <span class='ocrx_word' id='word_1_35' title='bbox 509 941 598 1004; x_wconf 90' lang='lat' dir='ltr'>posse</span> <span class='ocrx_word' id='word_1_36' title='bbox 620 925 744 1005; x_wconf 88' lang='lat' dir='ltr'>apponi.</span> <span class='ocrx_word' id='word_1_37' title='bbox 768 926 830 988; x_wconf 89' lang='lat' dir='ltr'>Nec</span> <span class='ocrx_word' id='word_1_38' title='bbox 851 924 931 1000; x_wconf 88' lang='lat' dir='ltr'>ideo,</span> <span class='ocrx_word' id='word_1_39' title='bbox 952 942 968 989; x_wconf 90' lang='lat' dir='ltr'>e</span> <span class='ocrx_word' id='word_1_40' title='bbox 990 925 1151 1000; x_wconf 86' lang='lat' dir='ltr'>contrario,</span> <span class='ocrx_word' id='word_1_41' title='bbox 1169 926 1237 1006; x_wconf 92' lang='lat' dir='ltr'>ipsa</span> 
     </span>
     <span class='ocr_line' id='line_1_6' title="bbox 148 1021 1237 1104; baseline 0 -18"><span class='ocrx_word' id='word_1_42' title='bbox 148 1022 292 1103; x_wconf 85' lang='lat' dir='ltr'>capitalis</span> <span class='ocrx_word' id='word_1_43' title='bbox 303 1021 473 1102; x_wconf 91' lang='lat' dir='ltr'>productivi</span> <span class='ocrx_word' id='word_1_44' title='bbox 488 1022 565 1085; x_wconf 89' lang='lat' dir='ltr'>ratio</span> <span class='ocrx_word' id='word_1_45' title='bbox 580 1030 683 1102; x_wconf 78' lang='lat' dir='ltr'>possm</span> <span class='ocrx_word' id='word_1_46' title='bbox 695 1021 864 1085; x_wconf 75' lang='lat' dir='ltr'>formaliter</span> <span class='ocrx_word' id='word_1_47' title='bbox 876 1023 908 1084; x_wconf 92' lang='lat' dir='ltr'>in</span> <span class='ocrx_word' id='word_1_48' title='bbox 924 1023 1064 1104; x_wconf 89' lang='lat' dir='ltr'>pecunia,</span> <span class='ocrx_word' id='word_1_49' title='bbox 1078 1040 1137 1102; x_wconf 87' lang='lat' dir='ltr'>qua</span> <span class='ocrx_word' id='word_1_50' title='bbox 1152 1039 1237 1086; x_wconf 89' lang='lat' dir='ltr'>mero</span> 
     </span>
     <span class='ocr_line' id='line_1_7' title="bbox 149 1121 1234 1202; baseline 0.002 -20"><span class='ocrx_word' id='word_1_51' title='bbox 149 1121 290 1184; x_wconf 87' lang='lat' dir='ltr'>valorum</span> <span class='ocrx_word' id='word_1_52' title='bbox 299 1123 387 1202; x_wconf 83' lang='lat' dir='ltr'>signo</span> <span class='ocrx_word' id='word_1_53' title='bbox 399 1121 471 1201; x_wconf 90' lang='lat' dir='ltr'>poni</span> <span class='ocrx_word' id='word_1_54' title='bbox 484 1138 520 1185; x_wconf 89' lang='lat' dir='ltr'>ac</span> <span class='ocrx_word' id='word_1_55' title='bbox 531 1121 660 1196; x_wconf 86' lang='lat' dir='ltr'>absolvi,</span> <span class='ocrx_word' id='word_1_56' title='bbox 670 1121 722 1183; x_wconf 88' lang='lat' dir='ltr'>sed</span> <span class='ocrx_word' id='word_1_57' title='bbox 734 1129 851 1184; x_wconf 86' lang='lat' dir='ltr'>tantum</span> <span class='ocrx_word' id='word_1_58' title='bbox 862 1121 992 1201; x_wconf 85' lang='lat' dir='ltr'>quadam</span> <span class='ocrx_word' id='word_1_59' title='bbox 1002 1122 1234 1201; x_wconf 86' lang='lat' dir='ltr'>aequivalenlia.</span> 
     </span>
    </p>
   </div>
   <div class='ocr_carea' id='block_1_3' title="bbox 397 1384 984 1467">
    <p class='ocr_par' dir='ltr' id='par_1_3' title="bbox 397 1384 984 1467">
     <span class='ocr_line' id='line_1_8' title="bbox 397 1384 984 1467; baseline -0.005 -17"><span class='ocrx_word' id='word_1_60' title='bbox 397 1391 411 1463; x_wconf 70' lang='lat'>5</span> <span class='ocrx_word' id='word_1_61' title='bbox 426 1388 464 1450; x_wconf 93' lang='grc'>11.</span> <span class='ocrx_word' id='word_1_62' title='bbox 481 1386 605 1467; x_wconf 83' lang='lat' dir='ltr'>anlea</span> <span class='ocrx_word' id='word_1_63' title='bbox 618 1384 795 1448; x_wconf 77' lang='lat' dir='ltr'>excluditur</span> <span class='ocrx_word' id='word_1_64' title='bbox 809 1385 984 1466; x_wconf 77' lang='lat' dir='ltr'>explicatio.</span> 
     </span>
    </p>
   </div>
   <div class='ocr_carea' id='block_1_4' title="bbox 95 1581 1236 3842">
    <p class='ocr_par' dir='ltr' id='par_1_4' title="bbox 95 1581 1235 1961">
     <span class='ocr_line' id='line_1_9' title="bbox 189 1581 1235 1663; baseline -0.001 -15"><span class='ocrx_word' id='word_1_65' title='bbox 189 1584 266 1648; x_wconf 78' lang='lat' dir='ltr'>(ium</span> <span class='ocrx_word' id='word_1_66' title='bbox 287 1599 342 1663; x_wconf 86' lang='lat' dir='ltr'>per</span> <span class='ocrx_word' id='word_1_67' title='bbox 361 1583 517 1646; x_wconf 89' lang='lat' dir='ltr'>saeculum</span> <span class='ocrx_word' id='word_1_68' title='bbox 538 1583 611 1645; x_wconf 84' lang='grc'><strong>11111</strong></span> <span class='ocrx_word' id='word_1_69' title='bbox 636 1581 762 1661; x_wconf 86' lang='lat' dir='ltr'>quidam</span> <span class='ocrx_word' id='word_1_70' title='bbox 782 1597 911 1662; x_wconf 82' lang='lat' dir='ltr'>magnae</span> <span class='ocrx_word' id='word_1_71' title='bbox 932 1589 1021 1644; x_wconf 87' lang='lat' dir='ltr'>uotae</span> <span class='ocrx_word' id='word_1_72' title='bbox 1043 1594 1181 1646; x_wconf 83' lang='lat' dir='ltr'>auctores</span> <span class='ocrx_word' id='word_1_73' title='bbox 1196 1583 1235 1647; x_wconf 79' lang='lat' dir='ltr'>cle</span> 
     </span>
     <span class='ocr_line' id='line_1_10' title="bbox 95 1682 1233 1763; baseline 0.001 -17"><span class='ocrx_word' id='word_1_74' title='bbox 95 1691 98 1694; x_wconf 79' lang='grc'>’</span> <span class='ocrx_word' id='word_1_75' title='bbox 147 1684 295 1747; x_wconf 82' lang='lat' dir='ltr'>relatione</span> <span class='ocrx_word' id='word_1_76' title='bbox 316 1683 462 1763; x_wconf 85' lang='lat' dir='ltr'>pecuniae</span> <span class='ocrx_word' id='word_1_77' title='bbox 491 1700 552 1763; x_wconf 87' lang='lat' dir='ltr'>qua</span> <span class='ocrx_word' id='word_1_78' title='bbox 575 1683 721 1762; x_wconf 86' lang='lat' dir='ltr'>pecuniae</span> <span class='ocrx_word' id='word_1_79' title='bbox 745 1682 783 1746; x_wconf 86' lang='lat' dir='ltr'>ad</span> <span class='ocrx_word' id='word_1_80' title='bbox 805 1683 935 1763; x_wconf 87' lang='lat' dir='ltr'>capitale</span> <span class='ocrx_word' id='word_1_81' title='bbox 957 1683 1046 1746; x_wconf 89' lang='lat' dir='ltr'>aliter</span> <span class='ocrx_word' id='word_1_82' title='bbox 1070 1683 1233 1758; x_wconf 87' lang='lat' dir='ltr'>senserint,</span> 
     </span>
     <span class='ocr_line' id='line_1_11' title="bbox 146 1781 1235 1862; baseline -0.001 -15"><span class='ocrx_word' id='word_1_83' title='bbox 146 1798 253 1847; x_wconf 92' lang='lat' dir='ltr'>eorum</span> <span class='ocrx_word' id='word_1_84' title='bbox 269 1783 446 1856; x_wconf 85' lang='lat' dir='ltr'>sententiae,</span> <span class='ocrx_word' id='word_1_85' title='bbox 465 1782 577 1862; x_wconf 86' lang='lat' dir='ltr'>quibus</span> <span class='ocrx_word' id='word_1_86' title='bbox 590 1782 650 1845; x_wconf 92' lang='lat' dir='ltr'>duo</span> <span class='ocrx_word' id='word_1_87' title='bbox 669 1781 760 1845; x_wconf 92' lang='lat' dir='ltr'>modo</span> <span class='ocrx_word' id='word_1_88' title='bbox 775 1782 897 1844; x_wconf 83' lang='lat' dir='ltr'>exclusa</span> <span class='ocrx_word' id='word_1_89' title='bbox 917 1781 1125 1858; x_wconf 86' lang='lat' dir='ltr'>adstruuntur,</span> <span class='ocrx_word' id='word_1_90' title='bbox 1143 1799 1235 1846; x_wconf 87' lang='lat' dir='ltr'>accu-</span> 
     </span>
     <span class='ocr_line' id='line_1_12' title="bbox 146 1881 618 1961; baseline -0.004 -17"><span class='ocrx_word' id='word_1_91' title='bbox 146 1881 244 1944; x_wconf 91' lang='lat' dir='ltr'>ratius</span> <span class='ocrx_word' id='word_1_92' title='bbox 259 1881 384 1945; x_wconf 87' lang='lat' dir='ltr'>veniunt</span> <span class='ocrx_word' id='word_1_93' title='bbox 399 1881 618 1961; x_wconf 80' lang='lat' dir='ltr'>inspiciendae.</span> 
     </span>
    </p>

    <p class='ocr_par' dir='ltr' id='par_1_5' title="bbox 144 1980 1236 2656">
     <span class='ocr_line' id='line_1_13' title="bbox 188 1980 1234 2062; baseline -0.003 -17"><span class='ocrx_word' id='word_1_94' title='bbox 188 1984 213 2046; x_wconf 90' lang='grc' dir='ltr'>Ι.</span> <span class='ocrx_word' id='word_1_95' title='bbox 231 1984 379 2061; x_wconf 86' lang='lat' dir='ltr'>Systema,</span> <span class='ocrx_word' id='word_1_96' title='bbox 398 1980 479 2062; x_wconf 84' lang='lat' dir='ltr'>quod</span> <span class='ocrx_word' id='word_1_97' title='bbox 495 1983 530 2044; x_wconf 86' lang='lat' dir='ltr'>P.</span> <span class='ocrx_word' id='word_1_98' title='bbox 547 1982 649 2044; x_wconf 89' lang='lat' dir='ltr'>Weiss</span> <span class='ocrx_word' id='word_1_99' title='bbox 665 1981 701 2046; x_wconf 91' lang='grc'><strong>0.</strong></span> <span class='ocrx_word' id='word_1_100' title='bbox 719 1983 754 2043; x_wconf 90' lang='grc' dir='ltr'>Ρ.</span> <span class='ocrx_word' id='word_1_101' title='bbox 772 1983 807 2057; x_wconf 82' lang='lat' dir='ltr'>(r)</span> <span class='ocrx_word' id='word_1_102' title='bbox 824 1981 861 2044; x_wconf 88' lang='lat' dir='ltr'>ad</span> <span class='ocrx_word' id='word_1_103' title='bbox 881 1981 1050 2044; x_wconf 90' lang='lat' dir='ltr'>doctrinam</span> <span class='ocrx_word' id='word_1_104' title='bbox 1065 1987 1095 2044; x_wconf 88' lang='lat' dir='ltr'>et</span> <span class='ocrx_word' id='word_1_105' title='bbox 1109 1980 1234 2060; x_wconf 83' lang='lat' dir='ltr'>legisla-</span> 
     </span>
     <span class='ocr_line' id='line_1_14' title="bbox 146 2071 1236 2160; baseline -0.003 -14"><span class='ocrx_word' id='word_1_106' title='bbox 146 2083 262 2146; x_wconf 88' lang='lat' dir='ltr'>tionem</span> <span class='ocrx_word' id='word_1_107' title='bbox 283 2081 521 2146; x_wconf 89' lang='lat' dir='ltr'>ecclesiasticam</span> <span class='ocrx_word' id='word_1_108' title='bbox 542 2081 764 2144; x_wconf 86' lang='lat' dir='ltr'>defendendam</span> <span class='ocrx_word' id='word_1_109' title='bbox 785 2080 964 2154; x_wconf 84' lang='lat' dir='ltr'>construxit,</span> <span class='ocrx_word' id='word_1_110' title='bbox 987 2071 1128 2160; x_wconf 84' lang='lat' dir='ltr'>quodque</span> <span class='ocrx_word' id='word_1_111' title='bbox 1152 2087 1236 2143; x_wconf 90' lang='lat' dir='ltr'>tanta</span> 
     </span>
     <span class='ocr_line' id='line_1_15' title="bbox 146 2179 1236 2262; baseline -0.001 -18"><span class='ocrx_word' id='word_1_112' title='bbox 146 2180 317 2245; x_wconf 88' lang='lat' dir='ltr'>eruditione</span> <span class='ocrx_word' id='word_1_113' title='bbox 342 2189 486 2260; x_wconf 85' lang='lat' dir='ltr'>tantoque</span> <span class='ocrx_word' id='word_1_114' title='bbox 512 2181 627 2262; x_wconf 81' lang='lat' dir='ltr'>ingenii</span> <span class='ocrx_word' id='word_1_115' title='bbox 653 2180 793 2243; x_wconf 80' lang='lat' dir='ltr'>acumine</span> <span class='ocrx_word' id='word_1_116' title='bbox 819 2179 1020 2260; x_wconf 81' lang='lat' dir='ltr'>propugnavit</span> <span class='ocrx_word' id='word_1_117' title='bbox 1042 2186 1075 2242; x_wconf 92' lang='lat' dir='ltr'>ut</span> <span class='ocrx_word' id='word_1_118' title='bbox 1096 2181 1236 2243; x_wconf 90' lang='lat' dir='ltr'>omnium</span> 
     </span>
     <span class='ocr_line' id='line_1_16' title="bbox 145 2277 1233 2359; baseline -0.005 -14"><span class='ocrx_word' id='word_1_119' title='bbox 145 2280 322 2345; x_wconf 74' lang='lat' dir='ltr'>excitaverit</span> <span class='ocrx_word' id='word_1_120' title='bbox 341 2280 551 2354; x_wconf 84' lang='lat' dir='ltr'>attentionem,</span> <span class='ocrx_word' id='word_1_121' title='bbox 568 2279 733 2341; x_wconf 92' lang='lat' dir='ltr'>ultimatim</span> <span class='ocrx_word' id='word_1_122' title='bbox 754 2277 900 2342; x_wconf 76' lang='lat' dir='ltr'>[undatur</span> <span class='ocrx_word' id='word_1_123' title='bbox 915 2278 948 2340; x_wconf 94' lang='lat' dir='ltr'>in</span> <span class='ocrx_word' id='word_1_124' title='bbox 969 2277 1124 2340; x_wconf 81' lang='lat' dir='ltr'>essentiali</span> <span class='ocrx_word' id='word_1_125' title='bbox 1139 2295 1233 2359; x_wconf 90' lang='lat' dir='ltr'>oppo-</span> 
     </span>
     <span class='ocr_line' id='line_1_17' title="bbox 144 2376 1235 2458; baseline 0 -17"><span class='ocrx_word' id='word_1_126' title='bbox 144 2379 258 2442; x_wconf 79' lang='lat' dir='ltr'>sitione</span> <span class='ocrx_word' id='word_1_127' title='bbox 287 2378 432 2458; x_wconf 82' lang='lat' dir='ltr'>pccuniac</span> <span class='ocrx_word' id='word_1_128' title='bbox 461 2386 491 2440; x_wconf 84' lang='lat' dir='ltr'>et</span> <span class='ocrx_word' id='word_1_129' title='bbox 519 2378 670 2457; x_wconf 89' lang='lat' dir='ltr'>capitalis.</span> <span class='ocrx_word' id='word_1_130' title='bbox 701 2378 873 2457; x_wconf 81' lang='lat' dir='ltr'>Antequam</span> <span class='ocrx_word' id='word_1_131' title='bbox 903 2384 1004 2439; x_wconf 86' lang='lat' dir='ltr'>autem</span> <span class='ocrx_word' id='word_1_132' title='bbox 1035 2376 1146 2439; x_wconf 91' lang='lat' dir='ltr'>mirum</span> <span class='ocrx_word' id='word_1_133' title='bbox 1176 2377 1235 2441; x_wconf 88' lang='lat' dir='ltr'>hoc</span> 
     </span>
     <span class='ocr_line' id='line_1_18' title="bbox 144 2475 1235 2555; baseline -0.002 -15"><span class='ocrx_word' id='word_1_134' title='bbox 144 2477 380 2540; x_wconf 84' lang='lat' dir='ltr'>fundamentum</span> <span class='ocrx_word' id='word_1_135' title='bbox 399 2475 638 2550; x_wconf 85' lang='lat' dir='ltr'>consideremus,</span> <span class='ocrx_word' id='word_1_136' title='bbox 656 2475 783 2554; x_wconf 87' lang='lat' dir='ltr'>quidde</span> <span class='ocrx_word' id='word_1_137' title='bbox 799 2475 922 2555; x_wconf 89' lang='lat' dir='ltr'>capitali</span> <span class='ocrx_word' id='word_1_138' title='bbox 941 2475 1051 2538; x_wconf 87' lang='lat' dir='ltr'>sentiat</span> <span class='ocrx_word' id='word_1_139' title='bbox 1066 2475 1172 2555; x_wconf 88' lang='lat' dir='ltr'>paucis</span> <span class='ocrx_word' id='word_1_140' title='bbox 1188 2484 1235 2538; x_wconf 90' lang='lat' dir='ltr'>est</span> 
     </span>
     <span class='ocr_line' id='line_1_19' title="bbox 145 2575 371 2656; baseline -0.018 -16"><span class='ocrx_word' id='word_1_141' title='bbox 145 2575 371 2656; x_wconf 82' lang='lat' dir='ltr'>exponendum.</span> 
     </span>
    </p>

    <p class='ocr_par' dir='ltr' id='par_1_6' title="bbox 143 2671 1235 3842">
     <span class='ocr_line' id='line_1_20' title="bbox 186 2671 1232 2754; baseline 0 -18"><span class='ocrx_word' id='word_1_142' title='bbox 186 2674 364 2754; x_wconf 91' lang='lat' dir='ltr'>Inspicienti</span> <span class='ocrx_word' id='word_1_143' title='bbox 380 2673 462 2737; x_wconf 93' lang='lat' dir='ltr'>illico</span> <span class='ocrx_word' id='word_1_144' title='bbox 478 2680 595 2736; x_wconf 85' lang='lat' dir='ltr'>constat</span> <span class='ocrx_word' id='word_1_145' title='bbox 609 2671 648 2736; x_wconf 92' lang='lat' dir='ltr'>cl.</span> <span class='ocrx_word' id='word_1_146' title='bbox 666 2681 819 2736; x_wconf 88' lang='lat' dir='ltr'>auctorem</span> <span class='ocrx_word' id='word_1_147' title='bbox 838 2681 941 2735; x_wconf 86' lang='lat' dir='ltr'>notam</span> <span class='ocrx_word' id='word_1_148' title='bbox 957 2673 1150 2736; x_wconf 87' lang='lat' dir='ltr'>essentialem</span> <span class='ocrx_word' id='word_1_149' title='bbox 1167 2689 1232 2736; x_wconf 92' lang='lat' dir='ltr'>mo-</span> 
     </span>
     <span class='ocr_line' id='line_1_21' title="bbox 145 2770 1229 2852; baseline -0.002 -16"><span class='ocrx_word' id='word_1_150' title='bbox 145 2772 232 2836; x_wconf 88' lang='lat' dir='ltr'>derni</span> <span class='ocrx_word' id='word_1_151' title='bbox 256 2772 398 2852; x_wconf 87' lang='lat' dir='ltr'>capitalis</span> <span class='ocrx_word' id='word_1_152' title='bbox 423 2771 578 2849; x_wconf 81' lang='lat' dir='ltr'>systemati</span> <span class='ocrx_word' id='word_1_153' title='bbox 606 2787 661 2833; x_wconf 92' lang='lat' dir='ltr'>suo</span> <span class='ocrx_word' id='word_1_154' title='bbox 690 2786 873 2850; x_wconf 85' lang='lat' dir='ltr'>supponere.</span> <span class='ocrx_word' id='word_1_155' title='bbox 902 2771 953 2834; x_wconf 77' lang='lat' dir='ltr'>«ll</span> <span class='ocrx_word' id='word_1_156' title='bbox 980 2770 1044 2834; x_wconf 88' lang='lat' dir='ltr'>faut</span> <span class='ocrx_word' id='word_1_157' title='bbox 1071 2771 1229 2848; x_wconf 90' lang='lat' dir='ltr'>admettre,</span> 
     </span>
     <span class='ocr_line' id='line_1_22' title="bbox 143 2868 1229 2951; baseline 0 -18"><span class='ocrx_word' id='word_1_158' title='bbox 143 2871 186 2934; x_wconf 90' lang='lat' dir='ltr'>ita</span> <span class='ocrx_word' id='word_1_159' title='bbox 202 2871 286 2951; x_wconf 90' lang='lat' dir='ltr'>ipse,</span> <span class='ocrx_word' id='word_1_160' title='bbox 310 2886 369 2950; x_wconf 86' lang='lat' dir='ltr'>que</span> <span class='ocrx_word' id='word_1_161' title='bbox 393 2880 476 2933; x_wconf 86' lang='lat' dir='ltr'>toute</span> <span class='ocrx_word' id='word_1_162' title='bbox 500 2869 687 2949; x_wconf 88' lang='lat' dir='ltr'>possession,</span> <span class='ocrx_word' id='word_1_163' title='bbox 711 2885 783 2931; x_wconf 91' lang='lat' dir='ltr'>sous</span> <span class='ocrx_word' id='word_1_164' title='bbox 809 2868 969 2947; x_wconf 89' lang='lat' dir='ltr'>n&#39;importe</span> <span class='ocrx_word' id='word_1_165' title='bbox 995 2868 1095 2948; x_wconf 84' lang='lat' dir='ltr'>quelle</span> <span class='ocrx_word' id='word_1_166' title='bbox 1121 2868 1229 2945; x_wconf 86' lang='lat' dir='ltr'>forme,</span> 
     </span>
     <span class='ocr_line' id='line_1_23' title="bbox 144 2967 1234 3050; baseline -0.001 -17"><span class='ocrx_word' id='word_1_167' title='bbox 144 2969 241 3050; x_wconf 86' lang='lat' dir='ltr'>prend</span> <span class='ocrx_word' id='word_1_168' title='bbox 257 2970 285 3032; x_wconf 94' lang='lat' dir='ltr'>le</span> <span class='ocrx_word' id='word_1_169' title='bbox 300 2968 449 3032; x_wconf 81' lang='lat' dir='ltr'>caractere</span> <span class='ocrx_word' id='word_1_170' title='bbox 463 2969 500 3033; x_wconf 91' lang='lat' dir='ltr'>de</span> <span class='ocrx_word' id='word_1_171' title='bbox 515 2969 638 3048; x_wconf 88' lang='lat' dir='ltr'>capital,</span> <span class='ocrx_word' id='word_1_172' title='bbox 655 2967 709 3031; x_wconf 75' lang='lat' dir='ltr'>des</span> <span class='ocrx_word' id='word_1_173' title='bbox 731 2967 842 3047; x_wconf 87' lang='lat' dir='ltr'>qu&#39;elle</span> <span class='ocrx_word' id='word_1_174' title='bbox 856 2975 902 3030; x_wconf 93' lang='lat' dir='ltr'>est</span> <span class='ocrx_word' id='word_1_175' title='bbox 917 2983 955 3030; x_wconf 87' lang='lat' dir='ltr'>en</span> <span class='ocrx_word' id='word_1_176' title='bbox 969 2976 1095 3048; x_wconf 88' lang='lat' dir='ltr'>rapport</span> <span class='ocrx_word' id='word_1_177' title='bbox 1118 2984 1189 3032; x_wconf 87' lang='lat' dir='ltr'>avec</span> <span class='ocrx_word' id='word_1_178' title='bbox 1203 2969 1234 3032; x_wconf 88' lang='lat' dir='ltr'>le</span> 
     </span>
     <span class='ocr_line' id='line_1_24' title="bbox 143 3065 1229 3146; baseline -0.001 -14"><span class='ocrx_word' id='word_1_179' title='bbox 143 3068 264 3145; x_wconf 89' lang='lat' dir='ltr'>travail,</span> <span class='ocrx_word' id='word_1_180' title='bbox 288 3066 366 3131; x_wconf 89' lang='lat' dir='ltr'>dans</span> <span class='ocrx_word' id='word_1_181' title='bbox 392 3068 419 3130; x_wconf 92' lang='lat' dir='ltr'>le</span> <span class='ocrx_word' id='word_1_182' title='bbox 443 3068 497 3131; x_wconf 90' lang='lat' dir='ltr'>but</span> <span class='ocrx_word' id='word_1_183' title='bbox 521 3066 613 3130; x_wconf 78' lang='lat' dir='ltr'>d&#39;etre</span> <span class='ocrx_word' id='word_1_184' title='bbox 633 3065 748 3129; x_wconf 86' lang='lat' dir='ltr'>rendae</span> <span class='ocrx_word' id='word_1_185' title='bbox 773 3066 978 3146; x_wconf 78' lang='lat' dir='ltr'>productiva»</span> <span class='ocrx_word' id='word_1_186' title='bbox 1001 3069 1047 3143; x_wconf 79' lang='lat' dir='ltr'>(a);</span> <span class='ocrx_word' id='word_1_187' title='bbox 1072 3077 1102 3130; x_wconf 90' lang='lat' dir='ltr'>et</span> <span class='ocrx_word' id='word_1_188' title='bbox 1123 3067 1198 3131; x_wconf 88' lang='lat' dir='ltr'>alibi</span> <span class='ocrx_word' id='word_1_189' title='bbox 1222 3085 1229 3131; x_wconf 93' lang='lat'><strong>:</strong></span> 
     </span>
     <span class='ocr_line' id='line_1_25' title="bbox 147 3165 1234 3247; baseline 0.007 -23"><span class='ocrx_word' id='word_1_190' title='bbox 147 3184 214 3231; x_wconf 78' lang='lat' dir='ltr'>«en</span> <span class='ocrx_word' id='word_1_191' title='bbox 229 3166 361 3243; x_wconf 76' lang='lat' dir='ltr'>resume,</span> <span class='ocrx_word' id='word_1_192' title='bbox 378 3166 406 3230; x_wconf 91' lang='lat' dir='ltr'>ie</span> <span class='ocrx_word' id='word_1_193' title='bbox 421 3167 531 3247; x_wconf 82' lang='lat' dir='ltr'>capital</span> <span class='ocrx_word' id='word_1_194' title='bbox 547 3174 592 3229; x_wconf 91' lang='lat' dir='ltr'>est</span> <span class='ocrx_word' id='word_1_195' title='bbox 607 3173 688 3228; x_wconf 89' lang='lat' dir='ltr'>toute</span> <span class='ocrx_word' id='word_1_196' title='bbox 703 3167 794 3229; x_wconf 89' lang='lat' dir='ltr'>chose</span> <span class='ocrx_word' id='word_1_197' title='bbox 809 3165 846 3228; x_wconf 89' lang='lat' dir='ltr'>de</span> <span class='ocrx_word' id='word_1_198' title='bbox 862 3166 966 3229; x_wconf 88' lang='lat' dir='ltr'>valeur</span> <span class='ocrx_word' id='word_1_199' title='bbox 985 3165 1091 3230; x_wconf 78' lang='lat' dir='ltr'>traitie</span> <span class='ocrx_word' id='word_1_200' title='bbox 1115 3183 1234 3232; x_wconf 87' lang='lat' dir='ltr'>comme</span> 
     </span>
     <span class='ocr_line' id='line_1_26' title="bbox 144 3263 1233 3346; baseline 0.003 -19"><span class='ocrx_word' id='word_1_201' title='bbox 144 3267 251 3331; x_wconf 90' lang='lat' dir='ltr'>valeur</span> <span class='ocrx_word' id='word_1_202' title='bbox 269 3266 307 3329; x_wconf 91' lang='lat' dir='ltr'>de</span> <span class='ocrx_word' id='word_1_203' title='bbox 329 3265 571 3330; x_wconf 85' lang='lat' dir='ltr'>consommation</span> <span class='ocrx_word' id='word_1_204' title='bbox 592 3264 671 3327; x_wconf 92' lang='lat' dir='ltr'>dans</span> <span class='ocrx_word' id='word_1_205' title='bbox 691 3263 840 3328; x_wconf 75' lang='lat' dir='ltr'>l&#39;etendue</span> <span class='ocrx_word' id='word_1_206' title='bbox 866 3265 894 3327; x_wconf 90' lang='lat' dir='ltr'>la</span> <span class='ocrx_word' id='word_1_207' title='bbox 920 3266 991 3345; x_wconf 89' lang='lat' dir='ltr'>plus</span> <span class='ocrx_word' id='word_1_208' title='bbox 1016 3265 1165 3346; x_wconf 78' lang='lat' dir='ltr'>complete</span> <span class='ocrx_word' id='word_1_209' title='bbox 1190 3265 1233 3330; x_wconf 90' lang='lat' dir='ltr'>du</span> 
     </span>
     <span class='ocr_line' id='line_1_27' title="bbox 144 3362 1235 3444; baseline 0 -16"><span class='ocrx_word' id='word_1_210' title='bbox 144 3374 219 3440; x_wconf 90' lang='lat' dir='ltr'>mot,</span> <span class='ocrx_word' id='word_1_211' title='bbox 240 3381 280 3428; x_wconf 94' lang='lat' dir='ltr'>ou</span> <span class='ocrx_word' id='word_1_212' title='bbox 295 3372 360 3428; x_wconf 87' lang='lat' dir='ltr'>tout</span> <span class='ocrx_word' id='word_1_213' title='bbox 373 3364 443 3428; x_wconf 87' lang='lat' dir='ltr'>bien</span> <span class='ocrx_word' id='word_1_214' title='bbox 458 3363 635 3427; x_wconf 77' lang='lat' dir='ltr'>materiei...</span> <span class='ocrx_word' id='word_1_215' title='bbox 653 3362 723 3426; x_wconf 84' lang='lat' dir='ltr'>d&#39;oir</span> <span class='ocrx_word' id='word_1_216' title='bbox 738 3364 799 3427; x_wconf 90' lang='lat' dir='ltr'>l’on</span> <span class='ocrx_word' id='word_1_217' title='bbox 815 3373 887 3444; x_wconf 87' lang='lat' dir='ltr'>peut</span> <span class='ocrx_word' id='word_1_218' title='bbox 901 3364 975 3427; x_wconf 85' lang='lat' dir='ltr'>tirer</span> <span class='ocrx_word' id='word_1_219' title='bbox 989 3373 1173 3443; x_wconf 73' lang='lat' dir='ltr'>moyennant</span> <span class='ocrx_word' id='word_1_220' title='bbox 1193 3364 1235 3428; x_wconf 92' lang='lat' dir='ltr'>du</span> 
     </span>
     <span class='ocr_line' id='line_1_28' title="bbox 144 3461 1233 3542; baseline 0 -16"><span class='ocrx_word' id='word_1_221' title='bbox 144 3465 265 3537; x_wconf 87' lang='lat' dir='ltr'>travail,</span> <span class='ocrx_word' id='word_1_222' title='bbox 282 3463 360 3526; x_wconf 88' lang='lat' dir='ltr'>dans</span> <span class='ocrx_word' id='word_1_223' title='bbox 376 3463 404 3526; x_wconf 85' lang='lat' dir='ltr'>la</span> <span class='ocrx_word' id='word_1_224' title='bbox 419 3463 623 3539; x_wconf 71' lang='lat' dir='ltr'>signification</span> <span class='ocrx_word' id='word_1_225' title='bbox 647 3463 676 3524; x_wconf 92' lang='lat' dir='ltr'>la</span> <span class='ocrx_word' id='word_1_226' title='bbox 697 3463 767 3542; x_wconf 90' lang='lat' dir='ltr'>plus</span> <span class='ocrx_word' id='word_1_227' title='bbox 787 3461 916 3526; x_wconf 78' lang='lat' dir='ltr'>etendue</span> <span class='ocrx_word' id='word_1_228' title='bbox 939 3462 976 3526; x_wconf 91' lang='lat' dir='ltr'>de</span> <span class='ocrx_word' id='word_1_229' title='bbox 997 3480 1031 3527; x_wconf 89' lang='lat' dir='ltr'>ce</span> <span class='ocrx_word' id='word_1_230' title='bbox 1052 3472 1126 3538; x_wconf 92' lang='lat' dir='ltr'>mat,</span> <span class='ocrx_word' id='word_1_231' title='bbox 1145 3463 1233 3527; x_wconf 75' lang='lat' dir='ltr'>ades</span> 
     </span>
     <span class='ocr_line' id='line_1_29' title="bbox 144 3561 1232 3645; baseline 0.001 -19"><span class='ocrx_word' id='word_1_232' title='bbox 144 3565 264 3645; x_wconf 88' lang='lat' dir='ltr'>risques</span> <span class='ocrx_word' id='word_1_233' title='bbox 278 3571 308 3626; x_wconf 89' lang='lat' dir='ltr'>ct</span> <span class='ocrx_word' id='word_1_234' title='bbox 322 3562 340 3626; x_wconf 74' lang='lat' dir='ltr'>a</span> <span class='ocrx_word' id='word_1_235' title='bbox 355 3563 410 3626; x_wconf 90' lang='lat' dir='ltr'>des</span> <span class='ocrx_word' id='word_1_236' title='bbox 423 3561 518 3643; x_wconf 82' lang='lat' dir='ltr'>pirils</span> <span class='ocrx_word' id='word_1_237' title='bbox 529 3578 699 3636; x_wconf 90' lang='lat' dir='ltr'>communs,</span> <span class='ocrx_word' id='word_1_238' title='bbox 713 3579 773 3625; x_wconf 91' lang='lat' dir='ltr'>une</span> <span class='ocrx_word' id='word_1_239' title='bbox 788 3561 887 3625; x_wconf 80' lang='lat' dir='ltr'>utilite</span> <span class='ocrx_word' id='word_1_240' title='bbox 902 3561 1079 3642; x_wconf 83' lang='lat' dir='ltr'>productiva</span> <span class='ocrx_word' id='word_1_241' title='bbox 1089 3563 1127 3626; x_wconf 91' lang='lat' dir='ltr'>de</span> <span class='ocrx_word' id='word_1_242' title='bbox 1142 3563 1232 3627; x_wconf 81' lang='lat' dir='ltr'>fruits</span> 
     </span>
     <span class='ocr_line' id='line_1_30' title="bbox 145 3661 1232 3743; baseline -0.001 -18"><span class='ocrx_word' id='word_1_243' title='bbox 145 3663 227 3726; x_wconf 86' lang='lat' dir='ltr'>aussi</span> <span class='ocrx_word' id='word_1_244' title='bbox 253 3663 324 3727; x_wconf 86' lang='lat' dir='ltr'>bion</span> <span class='ocrx_word' id='word_1_245' title='bbox 349 3679 428 3743; x_wconf 88' lang='lat' dir='ltr'>pour</span> <span class='ocrx_word' id='word_1_246' title='bbox 450 3662 477 3724; x_wconf 91' lang='lat' dir='ltr'>le</span> <span class='ocrx_word' id='word_1_247' title='bbox 498 3662 607 3742; x_wconf 86' lang='lat' dir='ltr'>capital</span> <span class='ocrx_word' id='word_1_248' title='bbox 631 3677 690 3741; x_wconf 89' lang='lat' dir='ltr'>que</span> <span class='ocrx_word' id='word_1_249' title='bbox 711 3677 789 3741; x_wconf 88' lang='lat' dir='ltr'>pour</span> <span class='ocrx_word' id='word_1_250' title='bbox 808 3661 837 3724; x_wconf 89' lang='lat' dir='ltr'>le</span> <span class='ocrx_word' id='word_1_251' title='bbox 858 3661 977 3736; x_wconf 91' lang='lat' dir='ltr'>travail,</span> <span class='ocrx_word' id='word_1_252' title='bbox 996 3677 1034 3724; x_wconf 92' lang='lat' dir='ltr'>on</span> <span class='ocrx_word' id='word_1_253' title='bbox 1050 3679 1108 3725; x_wconf 91' lang='lat' dir='ltr'>une</span> <span class='ocrx_word' id='word_1_254' title='bbox 1128 3661 1232 3724; x_wconf 86' lang='lat' dir='ltr'>valeur</span> 
     </span>
     <span class='ocr_line' id='line_1_31' title="bbox 145 3759 1233 3842; baseline -0.001 -18"><span class='ocrx_word' id='word_1_255' title='bbox 145 3760 268 3842; x_wconf 83' lang='lat' dir='ltr'>d’usage</span> <span class='ocrx_word' id='word_1_256' title='bbox 288 3759 512 3841; x_wconf 81' lang='lat' dir='ltr'>independente</span> <span class='ocrx_word' id='word_1_257' title='bbox 532 3761 663 3824; x_wconf 86' lang='lat' dir='ltr'>existant</span> <span class='ocrx_word' id='word_1_258' title='bbox 677 3776 716 3822; x_wconf 92' lang='lat' dir='ltr'>en</span> <span class='ocrx_word' id='word_1_259' title='bbox 737 3774 910 3823; x_wconf 77' lang='lat' dir='ltr'>commun»</span> <span class='ocrx_word' id='word_1_260' title='bbox 932 3762 979 3836; x_wconf 80' lang='lat' dir='ltr'>(a).</span> <span class='ocrx_word' id='word_1_261' title='bbox 997 3760 1084 3824; x_wconf 89' lang='lat' dir='ltr'>Unde</span> <span class='ocrx_word' id='word_1_262' title='bbox 1104 3777 1140 3822; x_wconf 86' lang='lat' dir='ltr'>ex</span> <span class='ocrx_word' id='word_1_263' title='bbox 1162 3775 1233 3840; x_wconf 89' lang='lat' dir='ltr'>pra-</span> 
     </span>
    </p>
   </div>
   <div class='ocr_carea' id='block_1_5' title="bbox 146 3963 1233 4280">
    <p class='ocr_par' dir='ltr' id='par_1_7' title="bbox 146 3963 1233 4112">
     <span class='ocr_line' id='line_1_32' title="bbox 176 3963 1233 4030; baseline -0.001 -10"><span class='ocrx_word' id='word_1_264' title='bbox 176 3963 211 4028; x_wconf 87' lang='grc'>(1)</span> <span class='ocrx_word' id='word_1_265' title='bbox 227 3963 553 4030; x_wconf 61' lang='lat' dir='ltr'>caucaseaeque</span> <span class='ocrx_word' id='word_1_266' title='bbox 568 3967 605 4017; x_wconf 84' lang='lat' dir='ltr'>du</span> <span class='ocrx_word' id='word_1_267' title='bbox 620 3965 819 4018; x_wconf 76' lang='lat' dir='ltr'>christianismo</span> <span class='ocrx_word' id='word_1_268' title='bbox 834 3979 869 4018; x_wconf 86' lang='lat' dir='ltr'>an</span> <span class='ocrx_word' id='word_1_269' title='bbox 885 3966 959 4030; x_wconf 84' lang='lat' dir='ltr'>point</span> <span class='ocrx_word' id='word_1_270' title='bbox 970 3966 1003 4018; x_wconf 88' lang='lat' dir='ltr'>de</span> <span class='ocrx_word' id='word_1_271' title='bbox 1014 3977 1063 4017; x_wconf 82' lang='lat' dir='ltr'>acas</span> <span class='ocrx_word' id='word_1_272' title='bbox 1074 3966 1120 4018; x_wconf 82' lang='lat' dir='ltr'>des</span> <span class='ocrx_word' id='word_1_273' title='bbox 1131 3977 1233 4020; x_wconf 80' lang='lat' dir='ltr'>moercrs</span> 
     </span>
     <span class='ocr_line' id='line_1_33' title="bbox 146 4045 861 4112; baseline 0.004 -13"><span class='ocrx_word' id='word_1_274' title='bbox 146 4052 171 4098; x_wconf 87' lang='lat' dir='ltr'>et</span> <span class='ocrx_word' id='word_1_275' title='bbox 180 4049 212 4100; x_wconf 81' lang='lat' dir='ltr'>de</span> <span class='ocrx_word' id='word_1_276' title='bbox 224 4049 252 4100; x_wconf 85' lang='lat' dir='ltr'>la</span> <span class='ocrx_word' id='word_1_277' title='bbox 263 4049 423 4100; x_wconf 73' lang='lat' dir='ltr'>doilnation</span> <span class='ocrx_word' id='word_1_278' title='bbox 434 4045 514 4109; x_wconf 88' lang='lat' dir='ltr'>(trad.</span> <span class='ocrx_word' id='word_1_279' title='bbox 527 4045 643 4110; x_wconf 75' lang='grc'><strong>0011111).</strong></span> <span class='ocrx_word' id='word_1_280' title='bbox 655 4047 688 4111; x_wconf 91' lang='lat'>11,</span> <span class='ocrx_word' id='word_1_281' title='bbox 700 4059 728 4112; x_wconf 86' lang='lat' dir='ltr'>p.</span> <span class='ocrx_word' id='word_1_282' title='bbox 743 4045 861 4102; x_wconf 79' lang='grc'><strong>111-131.</strong></span> 
     </span>
    </p>

    <p class='ocr_par' dir='ltr' id='par_1_8' title="bbox 177 4129 391 4197">
     <span class='ocr_line' id='line_1_34' title="bbox 177 4129 391 4197; baseline 0.014 -13"><span class='ocrx_word' id='word_1_283' title='bbox 177 4130 211 4194; x_wconf 72' lang='lat' dir='ltr'>(i)</span> <span class='ocrx_word' id='word_1_284' title='bbox 226 4131 279 4192; x_wconf 79' lang='lat' dir='ltr'>ll..</span> <span class='ocrx_word' id='word_1_285' title='bbox 292 4146 320 4197; x_wconf 89' lang='lat' dir='ltr'>p.</span> <span class='ocrx_word' id='word_1_286' title='bbox 333 4129 391 4187; x_wconf 88' lang='grc'><strong>118.</strong></span> 
     </span>
    </p>

    <p class='ocr_par' dir='ltr' id='par_1_9' title="bbox 176 4211 738 4280">
     <span class='ocr_line' id='line_1_35' title="bbox 176 4211 738 4280; baseline 0.002 -11"><span class='ocrx_word' id='word_1_287' title='bbox 176 4212 211 4276; x_wconf 83' lang='grc'>13)</span> <span class='ocrx_word' id='word_1_288' title='bbox 225 4213 278 4279; x_wconf 80' lang='lat' dir='ltr'>ln,</span> <span class='ocrx_word' id='word_1_289' title='bbox 292 4227 320 4278; x_wconf 86' lang='lat' dir='ltr'>p.</span> <span class='ocrx_word' id='word_1_290' title='bbox 333 4212 391 4278; x_wconf 83' lang='grc'><strong>185.</strong></span> <span class='ocrx_word' id='word_1_291' title='bbox 403 4213 467 4270; x_wconf 90' lang='lat' dir='ltr'>eoll.</span> <span class='ocrx_word' id='word_1_292' title='bbox 482 4229 508 4280; x_wconf 88' lang='lat' dir='ltr'>p.</span> <span class='ocrx_word' id='word_1_293' title='bbox 521 4211 738 4279; x_wconf 67' lang='grc'><strong>1111111891.</strong></span> 
     </span>
    </p>
   </div>
   <div class='ocr_carea' id='block_1_6' title="bbox 0 0 1626 4959">
    <p class='ocr_par' dir='ltr' id='par_1_10' title="bbox 0 0 1626 4959">
     <span class='ocr_line' id='line_1_36' title="bbox 0 0 1626 4959; baseline 0 1"><span class='ocrx_word' id='word_1_294' title='bbox 0 0 1626 4959; x_wconf 95' lang='lat' dir='ltr'> </span> 
     </span>
    </p>
   </div>
  </div>
 </body>
</html>
