3242 4959
386 416 448 480 136
757 435 829 480 rans
844 435 964 480 aarum.
982 435 1061 482 secr.
1080 437 1100 480 r.

427 597 466 659 11.
484 596 516 659 Si
532 597 574 673 ita
587 596 626 661 ab
641 613 702 659 una
724 603 808 676 parte
830 596 957 677 pecunia
980 594 1103 676 capitali
1125 597 1300 678 opponitur,
1318 596 1357 660 ab
1378 597 1472 660 altera

386 696 463 760 bene
478 696 565 761 multi
580 698 641 778 ipsi
657 698 815 778 pecuniae.
832 697 921 760 unice
941 713 999 777 qua
1023 697 1169 777 pecuniae
1190 713 1244 760 seu
1265 696 1366 760 medio
1389 713 1471 760 com·

384 795 579 871 mutationis,
608 795 718 858 miram
747 795 1011 876 productiuitatem
1039 795 1174 875 adeoque
1204 796 1302 875 ipsam
1333 795 1471 875 capitalis

385 893 534 956 rationem
564 894 705 957 induunt.
735 896 833 958 «Une
862 895 1022 970 tendanco,
1053 895 1095 958 ita
1125 897 1159 958 P.
1187 895 1300 969 Weiss,
1333 893 1471 959 voudrait

276 1005 278 1009 ’
378 991 562 1057 attribuerit
579 993 706 1074 largent
721 993 881 1060 lui-meme
900 1012 960 1057 une
982 1003 1066 1057 vertu
1088 1002 1117 1057 et
1137 1011 1196 1057 une
1218 1002 1324 1057 nature
1344 993 1470 1074 produc·

385 1092 456 1167 tire,
480 1101 509 1155 et
528 1108 606 1172 pour
626 1100 703 1156 cette
723 1092 828 1155 raison
848 1091 923 1154 rond
946 1093 1075 1174 l’argent
1095 1093 1205 1173 capital
1225 1116 1239 1150 o
1258 1095 1304 1169 (tl.
1327 1091 1471 1166 Quamvis

384 1190 456 1253 talis
471 1191 617 1270 pecuniae
632 1200 796 1271 conceptus
808 1191 841 1253 in
856 1190 970 1254 rudiori
987 1192 1216 1272 imaginationis
1232 1193 1376 1272 figmento
1393 1190 1469 1252 nita·

384 1298 434 1352 tur
447 1299 561 1369 aperte,
579 1291 685 1371 paucis
700 1301 801 1352 tannen
817 1290 854 1353 de
869 1307 904 1353 eo
921 1291 1107 1370 loquendum
1122 1301 1179 1365 est,
1198 1307 1268 1353 cum
1290 1289 1469 1352 eximiorum

382 1396 553 1462 auotomm,
569 1397 603 1451 nt
618 1388 788 1452 cardinalis
804 1387 841 1451 de
857 1389 892 1464 la,
903 1391 1035 1452 Luzerne
1057 1405 1092 1452 ac
1112 1389 1291 1464 Mastrotini,
1310 1386 1471 1451 nonnullo-

383 1503 513 1566 mmque
528 1487 580 1566 qui
594 1487 700 1551 eodem
716 1504 751 1550 ac
766 1487 825 1566 ipsi
838 1487 928 1550 modo
945 1486 1126 1552 locationem
1141 1488 1287 1567 pecuniae
1303 1487 1372 1549 tuiti
1388 1493 1468 1562 sunt,

381 1594 517 1648 mentem
532 1585 685 1649 fefellerit.

427 1709 441 1742 ‹
457 1686 479 1748 ll
496 1697 541 1748 est
556 1687 642 1761 clair,
668 1687 709 1749 ita
732 1685 820 1750 Card.
840 1686 876 1750 de
899 1687 927 1749 la
951 1689 1084 1750 Luzerne
1100 1689 1146 1764 (a),
1164 1702 1222 1766 que
1242 1685 1371 1766 largent
1385 1682 1471 1765 place

382 1783 461 1846 dans
478 1785 522 1847 les
537 1784 720 1864 entreprises
735 1784 925 1848 fructueuses
941 1791 987 1848 est
1001 1785 1031 1847 la
1045 1783 1194 1865 premiere
1209 1800 1298 1847 cause
1319 1781 1359 1845 du
1382 1782 1471 1862 proiit

382 1882 475 1962 qu’on
494 1901 511 1962 y
533 1883 598 1945 tait.
616 1885 655 1947 Ce
677 1885 786 1964 ebamp
809 1900 858 1945 me
880 1892 1021 1962 rapporte
1041 1883 1082 1945 du
1103 1884 1162 1958 bie,
1181 1899 1270 1963 parce
1292 1898 1351 1961 que
1370 1881 1401 1960 je
1424 1879 1470 1943 l’ai

382 1981 487 2044 acbetb
512 1999 583 2046 avec
607 1998 680 2045 mon
705 1991 827 2062 argeum
855 1999 944 2062 parce
970 1999 1028 2061 que
1054 1999 1125 2045 auec
1151 1981 1267 2044 d'autre
1289 1989 1396 2060 argent
1419 1979 1470 2058 j’ai

381 2079 487 2143 acbetb
502 2080 555 2144 des
570 2082 703 2144 cbevaux
719 2082 771 2160 quui
793 2081 868 2146 l'ont
889 2080 971 2143 fumi
992 2089 1021 2143 et
1046 2079 1179 2153 laboure,
1198 2079 1252 2142 des
1273 2080 1472 2142 instruments

382 2179 436 2258 qui
453 2178 525 2242 l’ont
547 2178 669 2254 cultile,
687 2189 771 2242 etc...
796 2195 829 2242 ce
850 2180 964 2241 marais
986 2178 1130 2242 autrelois
1153 2177 1265 2241 inonde
1286 2185 1332 2240 est
1354 2177 1471 2240 devenu

382 2295 443 2341 une
458 2278 569 2359 prairie
584 2277 694 2354 fertile,
708 2295 803 2359 poree
817 2295 875 2358 pue
883 2277 942 2356 j'ai
958 2277 1106 2340 ddtournd
1120 2277 1161 2339 les
1177 2295 1258 2339 eoum
1276 2277 1330 2357 put
1352 2276 1380 2338 le
1400 2294 1470 2338 cou-

381 2369 591 2456 urut'ent,'pue
606 2377 639 2454 je
660 2376 711 2436 l’oi
732 2375 848 2455 suipnd,
873 2374 1028 2449 rebuuasc',
1047 2381 1102 2437 etc.
1120 2375 1197 2437 blais
1220 2375 1289 2436 c'est
1312 2391 1384 2436 auec
1401 2390 1470 2435 mort

383 2480 492 2554 arpent
516 2492 574 2554 pue
592 2475 653 2554 j’oi
679 2475 770 2554 opdrd
793 2492 826 2536 cc
851 2472 1071 2536 dessdcbement
1087 2476 1158 2550 (ll...
1188 2477 1244 2538 Les
1269 2475 1376 2553 prollts
1403 2479 1470 2536 sont

381 2571 525 2654 prodetis
535 2590 598 2654 pur
613 2573 745 2635 diverses
759 2590 864 2635 causes
881 2573 982 2634 :mais
997 2589 1046 2635 res
1062 2589 1168 2636 causes
1183 2573 1391 2635 elles-memes
1403 2577 1470 2633 sont

375 2673 541 2754 produites
556 2675 588 2751 (11
603 2689 659 2753 par
672 2671 804 2752 l'emploi
820 2674 856 2737 de
870 2673 1007 2752 l’argent.
1022 2671 1074 2746 Or,
1090 2673 1175 2734 selon
1188 2673 1214 2735 le
1230 2671 1327 2752 grand
1339 2672 1466 2744 axiome,

380 2770 464 2851 quod
478 2778 522 2834 est
537 2790 630 2834 cotun
645 2789 756 2833 cuuaoe
770 2779 815 2833 eat
829 2789 922 2834 ceusu
937 2771 1071 2833 consuti·
1084 2771 1130 2836 On
1142 2778 1213 2851 peut
1229 2770 1307 2834 donc
1319 2770 1384 2833 dire
1399 2784 1469 2834 avec

382 2870 475 2934 verite
496 2888 555 2950 que
577 2871 689 2951 l'usage
712 2871 748 2933 de
771 2870 900 2950 largent
917 2881 963 2933 est
978 2868 1141 2950 productis.
1159 2892 1173 2926 »
1192 2870 1273 2944 Quae
1289 2885 1362 2932 sane
1377 2869 1469 2930 nimis

381 2979 504 3050 apertae
525 2980 596 3033 suut
618 2970 828 3044 absurditatis
852 2971 941 3034 venia
962 2971 1001 3031 sit
1022 2969 1122 3043 verbi,
1145 2985 1236 3049 quam
1262 2978 1295 3031 nt
1320 2968 1468 3047 quaedam

378 3192 443 3254 salt,
462 3193 536 3247 aussi
555 3192 630 3248 leurs
648 3192 723 3248 odies
740 3191 914 3256 de'lectueux‚
934 3197 961 3248 et
979 3193 1012 3248 ils
1031 3195 1094 3248 sont
1112 3193 1135 3248 si
1155 3192 1255 3259 grands
1272 3193 1355 3258 ou'on
1371 3189 1469 3258 penta

379 3273 454 3342 juste
466 3275 530 3329 titre
542 3274 641 3330 douter
652 3275 674 3329 si
687 3273 754 3330 elles
765 3278 830 3329 sont
846 3289 884 3329 un
899 3278 1028 3340 avantage
1044 3289 1151 3330 comme
1167 3289 1266 3340 moyen
1282 3274 1426 3330 auxiliaire
1437 3273 1468 3330 dc

381 3355 486 3419 travail,
500 3370 536 3411 0u
556 3370 594 3410 un
611 3355 740 3420 obstacle,
758 3361 786 3411 et
805 3369 855 3420 par
871 3357 1040 3422 consequent
1057 3356 1240 3422 dangoreusos
1259 3369 1339 3421 parce
1357 3356 1469 3422 ou’elles

379 3441 492 3504 portent
503 3437 670 3505 prejudicat
682 3439 707 3494 16
719 3437 844 3494 societe»
854 3439 891 3503 tt);

414 3521 443 3576 2⁰
454 3521 576 3577 indebito
589 3520 671 3576 modo
684 3523 828 3588 exaggerat
840 3520 1005 3576 hodiernum
1018 3522 1171 3587 periculum
1183 3523 1276 3583 sortis,
1286 3523 1315 3576 61
1326 3533 1468 3586 perperam

378 3604 455 3660 bunc
478 3604 591 3660 titulum
613 3604 744 3670 explieat,
769 3608 905 3670 quatenus
927 3604 987 3659 vult
1009 3607 1040 3659 ut
1063 3605 1249 3670 compensatio
1272 3618 1323 3670 pro
1346 3601 1467 3669 periculo

378 3687 501 3746 obtenta.
516 3690 579 3752 post
590 3690 693 3742 sortem
705 3691 902 3752 recuperatam,
916 3685 1046 3742 reddatur
1056 3685 1100 3749 (ol.
1115 3702 1141 3752 p.
1154 3687 1202 3742 aui
1216 3687 1258 3747 s).
1273 3687 1381 3742 Titulus
1396 3686 1467 3741 enim

379 3771 495 3835 periculi
510 3771 592 3822 oortts
610 3767 752 3824 reducitur
768 3767 802 3823 ad
818 3772 989 3824 contractum
1007 3767 1227 3846 assecurationis.
1246 3783 1302 3834 uuo
1319 3767 1467 3834 suscipitur

381 3854 534 3919 periculum
547 3855 639 3916 sortis,
653 3856 798 3918 antequam
810 3867 871 3908 sors
884 3853 963 3919 perit,
977 3866 1028 3919 pro
1041 3856 1097 3907 rata
1110 3852 1319 3919 probabilitatis.
1338 3853 1377 3907 lta
1389 3850 1465 3906 habe

378 3938 428 3990 tur
438 3935 542 3992 alcedo
553 3950 606 4002 uua
617 3935 691 4001 juste
703 3937 811 4001 pactum
824 3935 864 3991 tlt.

413 4017 448 4077 (ll
464 4016 503 4072 Cl.
514 4018 562 4082 ab„
576 4033 603 4084 p.
616 4016 673 4080 190,
687 4017 751 4072 coll.
765 4033 792 4082 p.
806 4017 863 4073 111.

414 4100 448 4162 (t)
465 4099 548 4156 Cano.
567 4115 602 4156 nn
620 4116 655 4156 nn
672 4101 805 4164 annnua,
825 4101 1019 4155 Dissertations
1036 4115 1084 4153 sur
1103 4101 1127 4154 le
1145 4101 1205 4164 pret
1223 4101 1255 4152 dc
1273 4098 1465 4160 conlatorem,

379 4195 409 4248 p.
422 4181 455 4238 35
466 4196 489 4239 s.
