3242 4959
348 465 412 511 cnr.
429 466 462 512 11.
479 465 624 512 rmucuu
638 465 787 514 scmurmn
800 465 999 513 sonuusrrcnu.
1158 449 1224 514 ltu

171 627 277 707 atqu,
293 638 326 691 ut
341 641 434 708 supra
448 627 632 701 notavimus,
651 627 846 707 «negotiatio
862 627 946 691 licita
961 627 1118 707 reddatur;
1139 631 1221 696 sicut

127 743 200 791 cum
215 728 328 808 aliquis
343 727 462 792 lucrum
476 727 666 820 moderatum
680 728 762 808 quod
783 729 967 809 negotiando
988 731 1117 809 quaerit,
1134 731 1218 796 ordi-

126 835 184 890 nat
195 827 234 890 ad
249 828 360 890 domus
373 843 447 890 suae
461 827 724 902 sustentationem,
740 828 787 891 vel
803 828 895 892 etiam
916 827 955 892 ad
976 828 1220 897 subveniendum

126 925 355 1007 indigentibus3
370 924 416 988 vel
428 924 520 988 etiam
532 940 603 989 cum
614 924 727 1005 aliquis
738 925 938 1006 negotiationi
952 926 1084 992 intendit
1094 938 1219 1009 propter

125 1024 286 1104 publicam
301 1024 474 1099 utilitatem,
492 1040 531 1087 ne
545 1023 662 1089 scilicet
676 1039 725 1088 res
739 1026 929 1088 necessariae
942 1025 980 1089 ad
996 1025 1089 1090 vitam
1104 1027 1221 1107 patriae

125 1124 246 1200 desint;
263 1131 293 1186 el
308 1124 427 1186 lucmm
442 1123 556 1203 expetit
566 1139 628 1187 non
640 1123 727 1203 quasi
744 1125 847 1197 linem,
862 1124 915 1188 sed
930 1125 1020 1205 quusi
1030 1125 1220 1206 stipendium

125 1221 273 1285 loboris»
290 1225 336 1299 lt).
354 1223 418 1285 lmo
436 1231 566 1303 «potest
579 1223 638 1286 hoc
652 1223 764 1299 (carius
789 1221 918 1286 vendere
939 1241 1031 1303 quatu
1052 1230 1221 1306 acceperat)
1284 1261 1285 1266 =
1313 1254 1315 1258 ·
1369 1281 1372 1287 .

125 1320 213 1385 licite
239 1320 376 1384 lacere...
404 1320 452 1384 vel
478 1320 552 1401 quia
575 1321 707 1402 pretium
732 1321 775 1384 rei
805 1330 852 1384 est
876 1330 1026 1386 mutatum
1050 1323 1218 1390 amandum
1257 1363 1259 1366 -
1308 1357 1312 1360 ·

125 1419 339 1483 diversitatem
361 1419 429 1490 loci.
453 1420 500 1483 vel
528 1420 684 1501 temporis,
710 1420 755 1482 vel
773 1425 903 1500 propter
919 1421 1093 1502 periculum
1115 1423 1163 1487 cui
1185 1440 1218 1489 se

125 1519 267 1599 exponit,
290 1517 501 1597 transferendo
527 1536 590 1581 rem
617 1519 655 1581 de
680 1518 747 1582 loco
773 1517 812 1582 ad
839 1518 952 1593 locum,
979 1519 1026 1583 vel
1052 1537 1118 1584 eam
1145 1521 1218 1587 lerri

124 1616 303 1682 iaciendo»
331 1619 378 1695 (a).
410 1615 497 1682 Unde
525 1608 692 1691 cambium,
723 1631 811 1679 verae
841 1617 988 1680 mercium
1018 1618 1216 1698 negotiationi

125 1717 338 1796 aequiparata,
355 1732 417 1779 non
435 1732 496 1780 uno
511 1732 547 1779 er
562 1715 661 1795 capito
677 1715 770 1779 licere
786 1715 818 1778 S.
831 1716 964 1780 Thomas
979 1715 1123 1780 declarat.

172 2023 346 2088 Comluaio.
364 2057 404 2068 -
419 2021 506 2088 Unde
521 2021 643 2086 tandem
658 2019 901 2086 concludendum
917 2030 973 2097 est,
987 2021 1074 2100 iuxta
1094 2032 1218 2087 senten·

126 2123 205 2187 tiam
221 2125 253 2186 S.
270 2123 416 2197 Thomae,
439 2121 594 2202 duplicem
615 2120 762 2200 distingui
787 2135 876 2182 usum
900 2119 1046 2199 pecuniae
1063 2137 1071 2183 :
1088 2120 1219 2186 alterum

125 2223 279 2304 pecuniae
293 2221 463 2286 formaliter
476 2228 510 2285 ut
525 2221 682 2301 pecuniae,
700 2228 733 2283 ut
753 2219 949 2284 instmmenti
968 2222 1216 2296 mensurationis,

124 2332 160 2386 ut
176 2322 279 2403 pretii,
303 2339 357 2385 seu
376 2330 410 2386 ut
430 2336 591 2384 mensurae
609 2320 818 2383 mensurantis
840 2319 893 2382 sed
915 2338 977 2382 nou
997 2327 1218 2384 memoratae:

125 2422 181 2502 qui
202 2438 279 2485 usus
300 2420 560 2501 apostorioribus
581 2418 750 2483 scolasticis
769 2419 827 2482 rite
842 2425 966 2482 vocatus
980 2427 1025 2482 est
1039 2419 1173 2497 activum
1189 2428 1220 2484 et

124 2523 259 2585 alterum
275 2537 366 2584 usum
379 2520 527 2602 pecuniae
542 2518 713 2583 formaliter
726 2529 760 2581 ut
774 2520 820 2582 rei
836 2519 952 2582 venalis
971 2536 1048 2599 quae
1067 2535 1137 2584 curu
1158 2521 1220 2587 alia

124 2637 160 2684 re
187 2621 288 2684 venali
313 2628 527 2696 commutatur,
555 2622 690 2699 adeoque
716 2618 815 2682 eidem
841 2627 939 2699 potest
964 2620 1216 2697 commensurari,

125 2721 193 2784 imo
219 2720 280 2783 alia
305 2720 446 2801 pecunia,
469 2728 504 2783 ut
527 2720 636 2800 pretio,
661 2724 759 2799 potest
780 2719 950 2782 mensurari
975 2736 983 2782 :
1010 2719 1061 2799 qui
1084 2735 1159 2782 usus
1180 2719 1220 2784 ab

125 2824 248 2888 eisdem
263 2823 477 2886 convenienter
492 2822 592 2886 dictus
606 2829 652 2885 est
662 2821 818 2903 passivus.

170 2923 254 2987 Usus
268 2922 386 2985 octioua
401 2920 693 3002 subdistinguendus
708 2929 753 2983 est
768 2921 800 2982 in
819 2935 910 2982 usum
924 2919 1141 3001 principalem,
1158 2936 1220 3001 quo

126 3022 212 3085 dicta
241 3036 385 3084 mensura
413 3020 445 3082 in
474 3019 711 3084 commutatione
739 3018 901 3082 adhibetur
922 3026 952 3081 et
976 3019 1167 3100 expenditur,
1191 3027 1222 3084 et

126 3134 221 3182 usum
235 3117 465 3193 senodocium,
483 3133 543 3197 quo
559 3132 713 3191 mensura,
728 3114 844 3179 non'ad
862 3117 1115 3180 commutationes
1129 3115 1219 3180 adhi-

127 3217 206 3292 bita,
224 3217 256 3278 in
271 3217 373 3296 seipsa
388 3233 448 3297 qua
463 3231 604 3280 mensura
619 3215 813 3296 relinquitur.

170 3316 266 3396 Atqui
291 3332 365 3378 usus
390 3315 547 3396 pecuniae,
575 3314 613 3379 de
638 3331 698 3394 quo
725 3316 756 3378 S.
774 3314 906 3378 Thomas
931 3313 964 3376 iu
985 3314 1163 3394 quaestione
1183 3315 1221 3380 de

161 3547 198 3611 (l)
214 3545 253 3604 cl.
265 3548 293 3604 i·
307 3549 356 3613 2¹0,
370 3550 390 3602 t.
403 3563 427 3604 c.

161 3631 198 3694 (i)
214 3628 253 3687 Cl.
271 3632 318 3695 u,
336 3630 370 3686 ad
388 3631 414 3686 i.
427 3656 458 3667 -
470 3631 584 3693 Revera,
602 3629 676 3698 quod
695 3633 800 3697 spectat
817 3629 851 3686 ad
871 3630 978 3696 praxim
996 3630 1072 3686 illius
1090 3629 1219 3695 epochae,

127 3715 158 3771 G.
181 3716 268 3778 Yuuu,
291 3713 428 3770 studendo
451 3713 569 3770 archivis
594 3714 676 3778 italis,
697 3712 730 3768 ud
755 3713 826 3770 banc
849 3714 1055 3770 conclusionem
1078 3711 1188 3769 devenit
1214 3730 1222 3768 ε

127 3797 241 3860 «aussi,
258 3799 373 3862 peut-on
390 3810 421 3852 se
438 3796 531 3852 rallier
548 3795 564 3852 h
582 3796 713 3862 l'opinion
731 3795 766 3851 de
783 3795 817 3851 ll.
838 3793 995 3860 Schneider,
1014 3795 1072 3862 qui,
1091 3793 1159 3850 dans
1176 3807 1221 3850 sea

127 3877 228 3934 etudes
247 3892 297 3934 sur
315 3877 357 3935 les
375 3884 503 3944 rapports
522 3877 572 3934 des
591 3877 714 3944 banques
734 3876 895 3933 florentines
914 3889 979 3932 avec
999 3875 1025 3932 le
1045 3873 1219 3942 saint-stege,

128 3961 229 4017 esdme
248 3974 303 4028 que
322 3959 349 4017 le
368 3960 574 4028 «portagium»
593 3959 631 4024 (id
650 3963 693 4015 est
712 3959 833 4026 pretium
853 3972 1037 4026 expensarum
1057 3962 1086 4015 et
1105 3956 1222 4024 periculi

128 4056 306 4110 campeomm
324 4041 357 4098 ad
375 4043 520 4110 pecuniam
537 4040 764 4104 transferendam)
780 4040 938 4107 represeule
959 4054 1014 4097 une
1032 4043 1094 4108 part
1113 4039 1224 4097 notable

130 4123 169 4180 du
189 4123 274 4190 proiit
293 4122 376 4180 retire
395 4137 444 4190 par
461 4123 502 4180 les
519 4122 664 4179 duaneiem
682 4121 716 4178 de
734 4122 759 4176 la
778 4121 897 4178 localion
915 4120 950 4178 de
967 4120 1042 4178 leurs
1059 4121 1195 4188 capitaux.
1208 4134 1225 4167 a

137 4204 176 4263 ul.
188 4206 229 4260 Le
242 4220 391 4261 comoterce
402 4212 427 4260 et
438 4207 478 4260 les
489 4206 662 4269 morsicando,
674 4218 701 4271 p.
715 4203 834 4260 ill-hl.
