<?xml version="1.0" encoding="UTF-8"?>
<!DOCTYPE html PUBLIC "-//W3C//DTD XHTML 1.0 Transitional//EN"
    "http://www.w3.org/TR/xhtml1/DTD/xhtml1-transitional.dtd">
<html xmlns="http://www.w3.org/1999/xhtml" xml:lang="en" lang="en">
 <head>
  <title>
</title>
<meta http-equiv="Content-Type" content="text/html;charset=utf-8" />
  <meta name='ocr-system' content='tesseract 3.04.00' />
  <meta name='ocr-capabilities' content='ocr_page ocr_carea ocr_par ocr_line ocrx_word'/>
</head>
<body>
  <div class='ocr_page' id='page_1' title='image "./dejustoauctario00roeygoog_0266.png"; bbox 0 0 3242 4959; ppageno 0'>
   <div class='ocr_carea' id='block_1_1' title="bbox 399 441 1129 514">
    <p class='ocr_par' dir='ltr' id='par_1_1' title="bbox 399 441 1129 514">
     <span class='ocr_line' id='line_1_1' title="bbox 399 441 1129 514; baseline 0.003 -4"><span class='ocrx_word' id='word_1_1' title='bbox 399 441 471 512; x_wconf 47' lang='grc' dir='ltr'><strong>Χ238</strong></span> <span class='ocrx_word' id='word_1_2' title='bbox 776 465 847 512; x_wconf 80' lang='lat' dir='ltr'><strong>runs</strong></span> <span class='ocrx_word' id='word_1_3' title='bbox 862 466 984 514; x_wconf 80' lang='lat' dir='ltr'><strong>rurum.</strong></span> <span class='ocrx_word' id='word_1_4' title='bbox 999 467 1081 514; x_wconf 81' lang='lat' dir='ltr'><strong>secr.</strong></span> <span class='ocrx_word' id='word_1_5' title='bbox 1097 469 1129 514; x_wconf 92' lang='lat' dir='ltr'><strong>u.</strong></span> 
     </span>
    </p>
   </div>
   <div class='ocr_carea' id='block_1_2' title="bbox 399 630 1495 1995">
    <p class='ocr_par' dir='ltr' id='par_1_2' title="bbox 399 630 1495 1995">
     <span class='ocr_line' id='line_1_2' title="bbox 407 630 1495 716; baseline 0.006 -22"><span class='ocrx_word' id='word_1_6' title='bbox 407 630 485 694; x_wconf 86' lang='lat' dir='ltr'><strong>nihil</strong></span> <span class='ocrx_word' id='word_1_7' title='bbox 513 631 582 716; x_wconf 83' lang='lat' dir='ltr'><strong>noui</strong></span> <span class='ocrx_word' id='word_1_8' title='bbox 608 631 756 712; x_wconf 92' lang='lat' dir='ltr'><strong>producat</strong></span> <span class='ocrx_word' id='word_1_9' title='bbox 779 641 808 698; x_wconf 89' lang='lat' dir='ltr'><strong>et</strong></span> <span class='ocrx_word' id='word_1_10' title='bbox 833 633 891 697; x_wconf 88' lang='lat' dir='ltr'><strong>hoo</strong></span> <span class='ocrx_word' id='word_1_11' title='bbox 916 650 1009 699; x_wconf 89' lang='lat' dir='ltr'><strong>sensu</strong></span> <span class='ocrx_word' id='word_1_12' title='bbox 1033 634 1148 698; x_wconf 91' lang='lat' dir='ltr'><strong>sterilis</strong></span> <span class='ocrx_word' id='word_1_13' title='bbox 1172 633 1301 710; x_wconf 89' lang='lat' dir='ltr'><strong>dicatur,</strong></span> <span class='ocrx_word' id='word_1_14' title='bbox 1324 642 1397 716; x_wconf 90' lang='lat' dir='ltr'><strong>puta</strong></span> <span class='ocrx_word' id='word_1_15' title='bbox 1422 652 1495 700; x_wconf 88' lang='lat' dir='ltr'><strong>usus</strong></span> 
     </span>
     <span class='ocr_line' id='line_1_3' title="bbox 406 728 1494 815; baseline 0.005 -21"><span class='ocrx_word' id='word_1_16' title='bbox 406 728 518 794; x_wconf 92' lang='lat' dir='ltr'><strong>domus</strong></span> <span class='ocrx_word' id='word_1_17' title='bbox 530 729 567 794; x_wconf 93' lang='lat' dir='ltr'><strong>ad</strong></span> <span class='ocrx_word' id='word_1_18' title='bbox 579 731 790 807; x_wconf 86' lang='lat' dir='ltr'><strong>habitandum,</strong></span> <span class='ocrx_word' id='word_1_19' title='bbox 804 732 868 795; x_wconf 82' lang='lat' dir='ltr'><strong>sire</strong></span> <span class='ocrx_word' id='word_1_20' title='bbox 884 732 964 795; x_wconf 91' lang='lat' dir='ltr'><strong>idem</strong></span> <span class='ocrx_word' id='word_1_21' title='bbox 979 749 1053 796; x_wconf 90' lang='lat' dir='ltr'><strong>usus</strong></span> <span class='ocrx_word' id='word_1_22' title='bbox 1068 734 1199 796; x_wconf 93' lang='lat' dir='ltr'><strong>multum</strong></span> <span class='ocrx_word' id='word_1_23' title='bbox 1211 733 1250 798; x_wconf 83' lang='lat' dir='ltr'><strong>ad</strong></span> <span class='ocrx_word' id='word_1_24' title='bbox 1264 733 1494 815; x_wconf 89' lang='lat' dir='ltr'><strong>productionem</strong></span> 
     </span>
     <span class='ocr_line' id='line_1_4' title="bbox 411 829 1495 910; baseline 0.004 -18"><span class='ocrx_word' id='word_1_25' title='bbox 411 837 581 905; x_wconf 77' lang='lat' dir='ltr'>concurrat,</span> <span class='ocrx_word' id='word_1_26' title='bbox 605 838 678 910; x_wconf 92' lang='lat' dir='ltr'><strong>puta</strong></span> <span class='ocrx_word' id='word_1_27' title='bbox 703 846 777 893; x_wconf 91' lang='lat' dir='ltr'><strong>usus</strong></span> <span class='ocrx_word' id='word_1_28' title='bbox 801 829 911 894; x_wconf 91' lang='lat' dir='ltr'><strong>domus</strong></span> <span class='ocrx_word' id='word_1_29' title='bbox 934 830 973 894; x_wconf 91' lang='lat' dir='ltr'><strong>ad</strong></span> <span class='ocrx_word' id='word_1_30' title='bbox 995 848 1045 895; x_wconf 90' lang='lat' dir='ltr'><strong>res</strong></span> <span class='ocrx_word' id='word_1_31' title='bbox 1066 831 1272 898; x_wconf 84' lang='lat' dir='ltr'><strong>fabricandas.</strong></span> <span class='ocrx_word' id='word_1_32' title='bbox 1296 834 1334 896; x_wconf 83' lang='lat' dir='ltr'><strong>Et</strong></span> <span class='ocrx_word' id='word_1_33' title='bbox 1358 833 1439 910; x_wconf 87' lang='lat' dir='ltr'><strong>ideo,</strong></span> <span class='ocrx_word' id='word_1_34' title='bbox 1463 843 1495 898; x_wconf 93' lang='lat' dir='ltr'><strong>ut</strong></span> 
     </span>
     <span class='ocr_line' id='line_1_5' title="bbox 406 929 1493 1012; baseline 0.006 -22"><span class='ocrx_word' id='word_1_35' title='bbox 406 934 609 1007; x_wconf 76' lang='lat' dir='ltr'><strong>cognoscatur</strong></span> <span class='ocrx_word' id='word_1_36' title='bbox 624 944 773 1008; x_wconf 78' lang='lat' dir='ltr'><strong>quaenam</strong></span> <span class='ocrx_word' id='word_1_37' title='bbox 789 945 838 992; x_wconf 90' lang='lat' dir='ltr'><strong>res</strong></span> <span class='ocrx_word' id='word_1_38' title='bbox 851 929 961 993; x_wconf 88' lang='lat' dir='ltr'><strong>habeat</strong></span> <span class='ocrx_word' id='word_1_39' title='bbox 975 946 1065 993; x_wconf 92' lang='lat' dir='ltr'><strong>usum</strong></span> <span class='ocrx_word' id='word_1_40' title='bbox 1080 947 1099 992; x_wconf 89' lang='lat' dir='ltr'><strong>a</strong></span> <span class='ocrx_word' id='word_1_41' title='bbox 1113 947 1146 992; x_wconf 88' lang='lat' dir='ltr'><strong>so</strong></span> <span class='ocrx_word' id='word_1_42' title='bbox 1160 929 1338 995; x_wconf 88' lang='lat' dir='ltr'><strong>distinctum</strong></span> <span class='ocrx_word' id='word_1_43' title='bbox 1352 943 1383 995; x_wconf 89' lang='lat' dir='ltr'><strong>et</strong></span> <span class='ocrx_word' id='word_1_44' title='bbox 1396 931 1493 1012; x_wconf 90' lang='lat' dir='ltr'><strong>pretio</strong></span> 
     </span>
     <span class='ocr_line' id='line_1_6' title="bbox 409 1025 1492 1107; baseline 0.004 -19"><span class='ocrx_word' id='word_1_45' title='bbox 409 1025 642 1101; x_wconf 75' lang='lat' dir='ltr'><strong>aestimabilem,</strong></span> <span class='ocrx_word' id='word_1_46' title='bbox 671 1026 846 1090; x_wconf 89' lang='lat' dir='ltr'><strong>nullatenus</strong></span> <span class='ocrx_word' id='word_1_47' title='bbox 874 1027 1039 1107; x_wconf 86' lang='lat' dir='ltr'><strong>requiritur</strong></span> <span class='ocrx_word' id='word_1_48' title='bbox 1067 1036 1101 1091; x_wconf 92' lang='lat' dir='ltr'><strong>ut</strong></span> <span class='ocrx_word' id='word_1_49' title='bbox 1129 1028 1166 1093; x_wconf 91' lang='lat' dir='ltr'><strong>de</strong></span> <span class='ocrx_word' id='word_1_50' title='bbox 1186 1029 1265 1094; x_wconf 89' lang='lat' dir='ltr'><strong>iacto</strong></span> <span class='ocrx_word' id='word_1_51' title='bbox 1284 1046 1341 1094; x_wconf 94' lang='lat' dir='ltr'><strong>usu</strong></span> <span class='ocrx_word' id='word_1_52' title='bbox 1370 1046 1426 1094; x_wconf 93' lang='lat' dir='ltr'><strong>suo</strong></span> <span class='ocrx_word' id='word_1_53' title='bbox 1456 1029 1492 1093; x_wconf 93' lang='lat' dir='ltr'><strong>ad</strong></span> 
     </span>
     <span class='ocr_line' id='line_1_7' title="bbox 406 1124 1493 1210; baseline 0.006 -25"><span class='ocrx_word' id='word_1_54' title='bbox 406 1125 545 1188; x_wconf 90' lang='lat' dir='ltr'><strong>valorum</strong></span> <span class='ocrx_word' id='word_1_55' title='bbox 566 1124 795 1205; x_wconf 88' lang='lat' dir='ltr'><strong>productionem</strong></span> <span class='ocrx_word' id='word_1_56' title='bbox 817 1136 988 1190; x_wconf 78' lang='lat' dir='ltr'><strong>concurrat.</strong></span> <span class='ocrx_word' id='word_1_57' title='bbox 1012 1126 1073 1191; x_wconf 86' lang='lat' dir='ltr'><strong>Sed</strong></span> <span class='ocrx_word' id='word_1_58' title='bbox 1098 1139 1131 1190; x_wconf 92' lang='lat' dir='ltr'><strong>ut</strong></span> <span class='ocrx_word' id='word_1_59' title='bbox 1154 1144 1203 1192; x_wconf 90' lang='lat' dir='ltr'><strong>res</strong></span> <span class='ocrx_word' id='word_1_60' title='bbox 1228 1129 1299 1192; x_wconf 91' lang='lat' dir='ltr'><strong>talis</strong></span> <span class='ocrx_word' id='word_1_61' title='bbox 1323 1129 1364 1192; x_wconf 84' lang='lat' dir='ltr'><strong>sit</strong></span> <span class='ocrx_word' id='word_1_62' title='bbox 1384 1146 1444 1210; x_wconf 86' lang='lat' dir='ltr'><strong>per</strong></span> <span class='ocrx_word' id='word_1_63' title='bbox 1462 1147 1493 1192; x_wconf 81' lang='lat' dir='ltr'><strong>ee</strong></span> 
     </span>
     <span class='ocr_line' id='line_1_8' title="bbox 407 1223 1489 1306; baseline 0.006 -20"><span class='ocrx_word' id='word_1_64' title='bbox 407 1223 488 1286; x_wconf 81' lang='lat' dir='ltr'><strong>lueri</strong></span> <span class='ocrx_word' id='word_1_65' title='bbox 503 1224 584 1304; x_wconf 81' lang='lat' dir='ltr'><strong>justi</strong></span> <span class='ocrx_word' id='word_1_66' title='bbox 603 1224 798 1305; x_wconf 78' lang='lat' dir='ltr'><strong>productiva,</strong></span> <span class='ocrx_word' id='word_1_67' title='bbox 823 1225 933 1289; x_wconf 90' lang='lat' dir='ltr'><strong>sullicit</strong></span> <span class='ocrx_word' id='word_1_68' title='bbox 955 1242 991 1290; x_wconf 89' lang='lat' dir='ltr'><strong>ac</strong></span> <span class='ocrx_word' id='word_1_69' title='bbox 1013 1227 1179 1306; x_wconf 81' lang='lat' dir='ltr'><strong>requiritur</strong></span> <span class='ocrx_word' id='word_1_70' title='bbox 1200 1235 1236 1290; x_wconf 83' lang='lat' dir='ltr'><strong>ot</strong></span> <span class='ocrx_word' id='word_1_71' title='bbox 1257 1226 1368 1292; x_wconf 79' lang='lat' dir='ltr'><strong>doleat</strong></span> <span class='ocrx_word' id='word_1_72' title='bbox 1389 1247 1489 1304; x_wconf 80' lang='lat' dir='ltr'><strong>usam,</strong></span> 
     </span>
     <span class='ocr_line' id='line_1_9' title="bbox 402 1323 1491 1408; baseline 0.007 -24"><span class='ocrx_word' id='word_1_73' title='bbox 402 1329 529 1404; x_wconf 84' lang='lat' dir='ltr'><strong>praeter</strong></span> <span class='ocrx_word' id='word_1_74' title='bbox 548 1323 752 1386; x_wconf 81' lang='lat' dir='ltr'><strong>satistontlorn</strong></span> <span class='ocrx_word' id='word_1_75' title='bbox 766 1343 866 1399; x_wconf 83' lang='lat' dir='ltr'><strong>soem,</strong></span> <span class='ocrx_word' id='word_1_76' title='bbox 884 1326 1103 1390; x_wconf 72' lang='lat' dir='ltr'><strong>aestimabilem</strong></span> <span class='ocrx_word' id='word_1_77' title='bbox 1118 1329 1166 1404; x_wconf 85' lang='lat' dir='ltr'><strong>(t).</strong></span> <span class='ocrx_word' id='word_1_78' title='bbox 1183 1329 1221 1392; x_wconf 84' lang='lat' dir='ltr'><strong>Et</strong></span> <span class='ocrx_word' id='word_1_79' title='bbox 1232 1328 1319 1404; x_wconf 80' lang='lat' dir='ltr'><strong>juxta</strong></span> <span class='ocrx_word' id='word_1_80' title='bbox 1333 1328 1392 1392; x_wconf 91' lang='lat' dir='ltr'><strong>hoc</strong></span> <span class='ocrx_word' id='word_1_81' title='bbox 1407 1329 1491 1408; x_wconf 93' lang='lat' dir='ltr'><strong>priu-</strong></span> 
     </span>
     <span class='ocr_line' id='line_1_10' title="bbox 402 1422 1492 1505; baseline 0.006 -22"><span class='ocrx_word' id='word_1_82' title='bbox 402 1422 532 1502; x_wconf 86' lang='lat' dir='ltr'><strong>oipiom,</strong></span> <span class='ocrx_word' id='word_1_83' title='bbox 546 1422 665 1500; x_wconf 87' lang='lat' dir='ltr'><strong>judices</strong></span> <span class='ocrx_word' id='word_1_84' title='bbox 685 1422 722 1486; x_wconf 96' lang='grc'><strong>(16</strong></span> <span class='ocrx_word' id='word_1_85' title='bbox 744 1423 976 1502; x_wconf 87' lang='lat' dir='ltr'><strong>productivitata</strong></span> <span class='ocrx_word' id='word_1_86' title='bbox 997 1441 1151 1504; x_wconf 82' lang='lat' dir='ltr'><strong>agrorum,</strong></span> <span class='ocrx_word' id='word_1_87' title='bbox 1176 1426 1384 1505; x_wconf 89' lang='lat' dir='ltr'><strong>praediorum,</strong></span> <span class='ocrx_word' id='word_1_88' title='bbox 1403 1426 1492 1490; x_wconf 88' lang='lat' dir='ltr'><strong>silva-</strong></span> 
     </span>
     <span class='ocr_line' id='line_1_11' title="bbox 404 1521 1491 1604; baseline 0.004 -22"><span class='ocrx_word' id='word_1_89' title='bbox 404 1535 485 1596; x_wconf 92' lang='lat' dir='ltr'><strong>rum,</strong></span> <span class='ocrx_word' id='word_1_90' title='bbox 503 1522 676 1600; x_wconf 90' lang='lat' dir='ltr'><strong>plantarum</strong></span> <span class='ocrx_word' id='word_1_91' title='bbox 692 1530 721 1584; x_wconf 88' lang='lat' dir='ltr'><strong>et</strong></span> <span class='ocrx_word' id='word_1_92' title='bbox 735 1521 927 1597; x_wconf 77' lang='lat' dir='ltr'><strong>aumatium,</strong></span> <span class='ocrx_word' id='word_1_93' title='bbox 944 1521 1041 1603; x_wconf 88' lang='lat' dir='ltr'><strong>deque</strong></span> <span class='ocrx_word' id='word_1_94' title='bbox 1056 1524 1194 1587; x_wconf 91' lang='lat' dir='ltr'><strong>omnium</strong></span> <span class='ocrx_word' id='word_1_95' title='bbox 1214 1541 1343 1604; x_wconf 93' lang='lat' dir='ltr'><strong>quorum</strong></span> <span class='ocrx_word' id='word_1_96' title='bbox 1359 1541 1434 1588; x_wconf 90' lang='lat' dir='ltr'><strong>usus</strong></span> <span class='ocrx_word' id='word_1_97' title='bbox 1449 1525 1491 1587; x_wconf 89' lang='lat' dir='ltr'><strong>ita</strong></span> 
     </span>
     <span class='ocr_line' id='line_1_12' title="bbox 405 1617 1487 1704; baseline 0.003 -21"><span class='ocrx_word' id='word_1_98' title='bbox 405 1618 575 1683; x_wconf 84' lang='lat' dir='ltr'><strong>formaliter·</strong></span> <span class='ocrx_word' id='word_1_99' title='bbox 589 1621 630 1683; x_wconf 90' lang='lat' dir='ltr'><strong>sit</strong></span> <span class='ocrx_word' id='word_1_100' title='bbox 644 1617 782 1700; x_wconf 78' lang='lat' dir='ltr'><strong>lru&#39;giler,</strong></span> <span class='ocrx_word' id='word_1_101' title='bbox 800 1633 833 1684; x_wconf 91' lang='lat' dir='ltr'><strong>ut</strong></span> <span class='ocrx_word' id='word_1_102' title='bbox 848 1621 940 1684; x_wconf 92' lang='lat' dir='ltr'><strong>etiam</strong></span> <span class='ocrx_word' id='word_1_103' title='bbox 955 1622 1110 1686; x_wconf 86' lang='lat' dir='ltr'><strong>naturales</strong></span> <span class='ocrx_word' id='word_1_104' title='bbox 1128 1621 1248 1687; x_wconf 90' lang='lat' dir='ltr'><strong>iructus</strong></span> <span class='ocrx_word' id='word_1_105' title='bbox 1265 1623 1487 1704; x_wconf 82' lang='lat' dir='ltr'><strong>germinentur;</strong></span> 
     </span>
     <span class='ocr_line' id='line_1_13' title="bbox 399 1717 1489 1796; baseline 0.004 -16"><span class='ocrx_word' id='word_1_106' title='bbox 399 1717 516 1780; x_wconf 90' lang='lat' dir='ltr'><strong>deinde</strong></span> <span class='ocrx_word' id='word_1_107' title='bbox 539 1717 576 1781; x_wconf 90' lang='lat' dir='ltr'><strong>de</strong></span> <span class='ocrx_word' id='word_1_108' title='bbox 597 1717 772 1782; x_wconf 88' lang='lat' dir='ltr'><strong>lucrositate</strong></span> <span class='ocrx_word' id='word_1_109' title='bbox 793 1718 966 1794; x_wconf 91' lang='lat' dir='ltr'><strong>domorum,</strong></span> <span class='ocrx_word' id='word_1_110' title='bbox 991 1721 1192 1796; x_wconf 86' lang='lat' dir='ltr'><strong>officinamm,</strong></span> <span class='ocrx_word' id='word_1_111' title='bbox 1217 1723 1489 1784; x_wconf 86' lang='lat' dir='ltr'><strong>instrumentorum</strong></span> 
     </span>
     <span class='ocr_line' id='line_1_14' title="bbox 406 1814 1489 1897; baseline 0.004 -19"><span class='ocrx_word' id='word_1_112' title='bbox 406 1814 531 1889; x_wconf 90' lang='lat' dir='ltr'><strong>laboris,</strong></span> <span class='ocrx_word' id='word_1_113' title='bbox 545 1817 703 1897; x_wconf 82' lang='lat' dir='ltr'><strong>speciatim</strong></span> <span class='ocrx_word' id='word_1_114' title='bbox 715 1818 938 1894; x_wconf 90' lang='lat' dir='ltr'><strong>machinarum,</strong></span> <span class='ocrx_word' id='word_1_115' title='bbox 952 1819 1071 1882; x_wconf 88' lang='lat' dir='ltr'><strong>viarum</strong></span> <span class='ocrx_word' id='word_1_116' title='bbox 1081 1820 1250 1884; x_wconf 76' lang='lat' dir='ltr'><strong>ferrearum</strong></span> <span class='ocrx_word' id='word_1_117' title='bbox 1262 1836 1331 1884; x_wconf 89' lang='lat' dir='ltr'><strong>cum</strong></span> <span class='ocrx_word' id='word_1_118' title='bbox 1347 1820 1489 1885; x_wconf 89' lang='lat' dir='ltr'><strong>omnihus</strong></span> 
     </span>
     <span class='ocr_line' id='line_1_15' title="bbox 401 1913 1311 1995; baseline 0.007 -19"><span class='ocrx_word' id='word_1_119' title='bbox 401 1913 443 1976; x_wconf 92' lang='lat' dir='ltr'><strong>ad</strong></span> <span class='ocrx_word' id='word_1_120' title='bbox 459 1915 581 1978; x_wconf 87' lang='lat' dir='ltr'><strong>easdem</strong></span> <span class='ocrx_word' id='word_1_121' title='bbox 595 1916 828 1995; x_wconf 87' lang='lat' dir='ltr'><strong>pertinentibus,</strong></span> <span class='ocrx_word' id='word_1_122' title='bbox 844 1925 874 1980; x_wconf 88' lang='lat' dir='ltr'><strong>et</strong></span> <span class='ocrx_word' id='word_1_123' title='bbox 888 1917 1018 1981; x_wconf 89' lang='lat' dir='ltr'><strong>aliamm</strong></span> <span class='ocrx_word' id='word_1_124' title='bbox 1033 1934 1134 1982; x_wconf 91' lang='lat' dir='ltr'><strong>rerum</strong></span> <span class='ocrx_word' id='word_1_125' title='bbox 1151 1919 1311 1983; x_wconf 90' lang='lat' dir='ltr'><strong>similium.</strong></span> 
     </span>
    </p>
   </div>
   <div class='ocr_carea' id='block_1_3' title="bbox 858 2201 1033 2254">
    <p class='ocr_par' dir='ltr' id='par_1_3' title="bbox 858 2201 1033 2254">
     <span class='ocr_line' id='line_1_16' title="bbox 858 2201 1033 2254; baseline 0 0"><span class='ocrx_word' id='word_1_126' title='bbox 858 2201 1033 2254; x_wconf 81' lang='lat' dir='ltr'><strong>conclusio.</strong></span> 
     </span>
    </p>
   </div>
   <div class='ocr_carea' id='block_1_4' title="bbox 394 2397 1488 3267">
    <p class='ocr_par' dir='ltr' id='par_1_4' title="bbox 394 2397 1488 3267">
     <span class='ocr_line' id='line_1_17' title="bbox 401 2397 1487 2480; baseline 0.002 -20"><span class='ocrx_word' id='word_1_127' title='bbox 401 2465 403 2470; x_wconf 67' lang='lat'><strong>,</strong></span> <span class='ocrx_word' id='word_1_128' title='bbox 444 2398 467 2460; x_wconf 94' lang='lat' dir='ltr'><strong>l.</strong></span> <span class='ocrx_word' id='word_1_129' title='bbox 494 2397 610 2472; x_wconf 82' lang='lat' dir='ltr'><strong>Quodsi</strong></span> <span class='ocrx_word' id='word_1_130' title='bbox 632 2415 714 2462; x_wconf 89' lang='lat' dir='ltr'><strong>nuuc</strong></span> <span class='ocrx_word' id='word_1_131' title='bbox 733 2399 946 2480; x_wconf 88' lang='lat' dir='ltr'><strong>componimus</strong></span> <span class='ocrx_word' id='word_1_132' title='bbox 961 2415 1039 2478; x_wconf 92' lang='lat' dir='ltr'><strong>quae</strong></span> <span class='ocrx_word' id='word_1_133' title='bbox 1051 2399 1137 2478; x_wconf 77' lang='lat' dir='ltr'><strong>Juxta</strong></span> <span class='ocrx_word' id='word_1_134' title='bbox 1152 2401 1266 2464; x_wconf 91' lang='lat' dir='ltr'><strong>variam</strong></span> <span class='ocrx_word' id='word_1_135' title='bbox 1283 2416 1386 2464; x_wconf 91' lang='lat' dir='ltr'><strong>rerum</strong></span> <span class='ocrx_word' id='word_1_136' title='bbox 1401 2409 1487 2463; x_wconf 87' lang='lat' dir='ltr'><strong>natu·</strong></span> 
     </span>
     <span class='ocr_line' id='line_1_18' title="bbox 394 2495 1488 2578; baseline 0.002 -20"><span class='ocrx_word' id='word_1_137' title='bbox 394 2511 467 2569; x_wconf 64' lang='lat' dir='ltr'><strong>⁴ram</strong></span> <span class='ocrx_word' id='word_1_138' title='bbox 489 2495 526 2559; x_wconf 92' lang='grc'><strong>(16</strong></span> <span class='ocrx_word' id='word_1_139' title='bbox 547 2511 651 2560; x_wconf 90' lang='lat' dir='ltr'><strong>earum</strong></span> <span class='ocrx_word' id='word_1_140' title='bbox 675 2498 751 2560; x_wconf 90' lang='lat' dir='ltr'><strong>lucri</strong></span> <span class='ocrx_word' id='word_1_141' title='bbox 773 2497 1004 2578; x_wconf 88' lang='lat' dir='ltr'><strong>productivitate</strong></span> <span class='ocrx_word' id='word_1_142' title='bbox 1026 2498 1210 2574; x_wconf 90' lang='lat' dir='ltr'><strong>invenimus,</strong></span> <span class='ocrx_word' id='word_1_143' title='bbox 1234 2507 1264 2563; x_wconf 89' lang='lat' dir='ltr'><strong>et</strong></span> <span class='ocrx_word' id='word_1_144' title='bbox 1287 2500 1313 2562; x_wconf 91' lang='lat' dir='ltr'><strong>sl</strong></span> <span class='ocrx_word' id='word_1_145' title='bbox 1333 2499 1488 2563; x_wconf 88' lang='lat' dir='ltr'><strong>notionem</strong></span> 
     </span>
     <span class='ocr_line' id='line_1_19' title="bbox 402 2594 1487 2676; baseline 0.001 -19"><span class='ocrx_word' id='word_1_146' title='bbox 402 2594 543 2674; x_wconf 92' lang='lat' dir='ltr'><strong>capitalis</strong></span> <span class='ocrx_word' id='word_1_147' title='bbox 568 2594 655 2658; x_wconf 92' lang='lat' dir='ltr'><strong>initio</strong></span> <span class='ocrx_word' id='word_1_148' title='bbox 677 2595 768 2672; x_wconf 84' lang='lat' dir='ltr'><strong>liujus</strong></span> <span class='ocrx_word' id='word_1_149' title='bbox 790 2597 906 2675; x_wconf 86' lang='lat' dir='ltr'><strong>Capitis</strong></span> <span class='ocrx_word' id='word_1_150' title='bbox 929 2597 1072 2676; x_wconf 87' lang='lat' dir='ltr'><strong>positam,</strong></span> <span class='ocrx_word' id='word_1_151' title='bbox 1095 2597 1212 2662; x_wconf 87' lang='lat' dir='ltr'><strong>scilicet</strong></span> <span class='ocrx_word' id='word_1_152' title='bbox 1236 2614 1300 2661; x_wconf 93' lang='lat' dir='ltr'><strong>rem</strong></span> <span class='ocrx_word' id='word_1_153' title='bbox 1322 2615 1359 2662; x_wconf 87' lang='lat' dir='ltr'><strong>ex</strong></span> <span class='ocrx_word' id='word_1_154' title='bbox 1381 2607 1487 2660; x_wconf 89' lang='lat' dir='ltr'><strong>natura</strong></span> 
     </span>
     <span class='ocr_line' id='line_1_20' title="bbox 404 2691 1487 2777; baseline 0.001 -21"><span class='ocrx_word' id='word_1_155' title='bbox 404 2691 561 2756; x_wconf 87' lang='lat' dir='ltr'><strong>dumtaxat</strong></span> <span class='ocrx_word' id='word_1_156' title='bbox 584 2711 638 2757; x_wconf 90' lang='lat' dir='ltr'><strong>sua</strong></span> <span class='ocrx_word' id='word_1_157' title='bbox 661 2695 862 2774; x_wconf 91' lang='lat' dir='ltr'><strong>proprietario</strong></span> <span class='ocrx_word' id='word_1_158' title='bbox 884 2695 1046 2769; x_wconf 90' lang='lat' dir='ltr'><strong>lucrosam,</strong></span> <span class='ocrx_word' id='word_1_159' title='bbox 1070 2697 1161 2760; x_wconf 89' lang='lat' dir='ltr'><strong>robus</strong></span> <span class='ocrx_word' id='word_1_160' title='bbox 1182 2697 1384 2777; x_wconf 87' lang='lat' dir='ltr'><strong>applicamus,</strong></span> <span class='ocrx_word' id='word_1_161' title='bbox 1408 2703 1487 2777; x_wconf 90' lang='lat' dir='ltr'><strong>patet</strong></span> 
     </span>
     <span class='ocr_line' id='line_1_21' title="bbox 400 2792 1486 2873; baseline 0.002 -21"><span class='ocrx_word' id='word_1_162' title='bbox 400 2797 579 2871; x_wconf 84' lang='lat' dir='ltr'><strong>conceptum</strong></span> <span class='ocrx_word' id='word_1_163' title='bbox 589 2792 733 2873; x_wconf 83' lang='lat' dir='ltr'><strong>capitulis</strong></span> <span class='ocrx_word' id='word_1_164' title='bbox 744 2793 778 2854; x_wconf 86' lang='lat' dir='ltr'><strong>ln</strong></span> <span class='ocrx_word' id='word_1_165' title='bbox 786 2792 876 2856; x_wconf 84' lang='lat' dir='ltr'><strong>rebus</strong></span> <span class='ocrx_word' id='word_1_166' title='bbox 887 2792 961 2868; x_wconf 83' lang='lat' dir='ltr'><strong>illis,</strong></span> <span class='ocrx_word' id='word_1_167' title='bbox 972 2811 1051 2872; x_wconf 83' lang='lat' dir='ltr'><strong>quoe</strong></span> <span class='ocrx_word' id='word_1_168' title='bbox 1061 2793 1103 2856; x_wconf 89' lang='lat' dir='ltr'><strong>od</strong></span> <span class='ocrx_word' id='word_1_169' title='bbox 1115 2794 1205 2857; x_wconf 86' lang='lat' dir='ltr'><strong>telem</strong></span> <span class='ocrx_word' id='word_1_170' title='bbox 1217 2812 1308 2857; x_wconf 76' lang='lat' dir='ltr'><strong>tuum</strong></span> <span class='ocrx_word' id='word_1_171' title='bbox 1318 2795 1486 2858; x_wconf 82' lang='lat' dir='ltr'><strong>ereduntur</strong></span> 
     </span>
     <span class='ocr_line' id='line_1_22' title="bbox 399 2889 1484 2971; baseline 0.002 -20"><span class='ocrx_word' id='word_1_172' title='bbox 399 2905 462 2968; x_wconf 83' lang='lat' dir='ltr'><strong>quo</strong></span> <span class='ocrx_word' id='word_1_173' title='bbox 477 2889 653 2952; x_wconf 76' lang='lat' dir='ltr'><strong>collotenus</strong></span> <span class='ocrx_word' id='word_1_174' title='bbox 663 2892 875 2971; x_wconf 78' lang='lat' dir='ltr'><strong>proprietario</strong></span> <span class='ocrx_word' id='word_1_175' title='bbox 890 2897 1123 2966; x_wconf 82' lang='lat' dir='ltr'><strong>consumantur,</strong></span> <span class='ocrx_word' id='word_1_176' title='bbox 1139 2893 1301 2968; x_wconf 85' lang='lat' dir='ltr'><strong>verificari,</strong></span> <span class='ocrx_word' id='word_1_177' title='bbox 1318 2901 1349 2957; x_wconf 87' lang='lat' dir='ltr'><strong>et</strong></span> <span class='ocrx_word' id='word_1_178' title='bbox 1363 2892 1484 2956; x_wconf 90' lang='lat' dir='ltr'><strong>nonnisi</strong></span> 
     </span>
     <span class='ocr_line' id='line_1_23' title="bbox 401 2986 1485 3070; baseline 0.006 -22"><span class='ocrx_word' id='word_1_179' title='bbox 401 2986 465 3050; x_wconf 89' lang='lat' dir='ltr'><strong>illis</strong></span> <span class='ocrx_word' id='word_1_180' title='bbox 490 2989 648 3069; x_wconf 91' lang='lat' dir='ltr'><strong>applicari.</strong></span> <span class='ocrx_word' id='word_1_181' title='bbox 677 2989 763 3064; x_wconf 84' lang='lat' dir='ltr'><strong>Quod</strong></span> <span class='ocrx_word' id='word_1_182' title='bbox 785 2991 929 3070; x_wconf 93' lang='lat' dir='ltr'><strong>ponimus</strong></span> <span class='ocrx_word' id='word_1_183' title='bbox 954 2990 1187 3054; x_wconf 88' lang='lat' dir='ltr'><strong>fundamentum</strong></span> <span class='ocrx_word' id='word_1_184' title='bbox 1213 2992 1246 3054; x_wconf 96' lang='lat' dir='ltr'><strong>in</strong></span> <span class='ocrx_word' id='word_1_185' title='bbox 1267 2993 1410 3056; x_wconf 91' lang='lat' dir='ltr'><strong>universa</strong></span> <span class='ocrx_word' id='word_1_186' title='bbox 1431 2992 1485 3054; x_wconf 87' lang='lat' dir='ltr'><strong>hac</strong></span> 
     </span>
     <span class='ocr_line' id='line_1_24' title="bbox 400 3085 1485 3166; baseline 0.003 -19"><span class='ocrx_word' id='word_1_187' title='bbox 400 3085 590 3164; x_wconf 77' lang='lat' dir='ltr'><strong>quaestione.</strong></span> <span class='ocrx_word' id='word_1_188' title='bbox 604 3087 651 3152; x_wconf 81' lang='lat' dir='ltr'><strong>Ad</strong></span> <span class='ocrx_word' id='word_1_189' title='bbox 666 3087 746 3151; x_wconf 90' lang='lat' dir='ltr'><strong>hane</strong></span> <span class='ocrx_word' id='word_1_190' title='bbox 760 3089 916 3151; x_wconf 90' lang='lat' dir='ltr'><strong>notionem</strong></span> <span class='ocrx_word' id='word_1_191' title='bbox 930 3088 1022 3152; x_wconf 89' lang='lat' dir='ltr'><strong>etiam</strong></span> <span class='ocrx_word' id='word_1_192' title='bbox 1037 3089 1338 3152; x_wconf 87' lang='lat' dir='ltr'><strong>animadvertendum</strong></span> <span class='ocrx_word' id='word_1_193' title='bbox 1352 3098 1412 3166; x_wconf 90' lang='lat' dir='ltr'><strong>est,</strong></span> <span class='ocrx_word' id='word_1_194' title='bbox 1427 3105 1485 3151; x_wconf 94' lang='lat' dir='ltr'><strong>non</strong></span> 
     </span>
     <span class='ocr_line' id='line_1_25' title="bbox 397 3184 1485 3267; baseline 0.005 -22"><span class='ocrx_word' id='word_1_195' title='bbox 397 3184 515 3263; x_wconf 77' lang='lat' dir='ltr'><strong>requiri</strong></span> <span class='ocrx_word' id='word_1_196' title='bbox 532 3184 571 3248; x_wconf 91' lang='lat' dir='ltr'><strong>ad</strong></span> <span class='ocrx_word' id='word_1_197' title='bbox 586 3194 774 3264; x_wconf 89' lang='lat' dir='ltr'><strong>praesentem</strong></span> <span class='ocrx_word' id='word_1_198' title='bbox 790 3189 999 3267; x_wconf 87' lang='lat' dir='ltr'><strong>quaestionem</strong></span> <span class='ocrx_word' id='word_1_199' title='bbox 1015 3187 1192 3250; x_wconf 87' lang='lat' dir='ltr'><strong>solvendam</strong></span> <span class='ocrx_word' id='word_1_200' title='bbox 1207 3198 1240 3250; x_wconf 90' lang='lat' dir='ltr'><strong>ut</strong></span> <span class='ocrx_word' id='word_1_201' title='bbox 1254 3197 1394 3252; x_wconf 88' lang='lat' dir='ltr'><strong>accurate</strong></span> <span class='ocrx_word' id='word_1_202' title='bbox 1409 3189 1485 3251; x_wconf 86' lang='lat' dir='ltr'><strong>inter</strong></span> 
     </span>
    </p>
   </div>
   <div class='ocr_carea' id='block_1_5' title="bbox 288 3283 1484 3366">
    <p class='ocr_par' dir='ltr' id='par_1_5' title="bbox 288 3283 1484 3366">
     <span class='ocr_line' id='line_1_26' title="bbox 288 3283 1484 3366; baseline 0.004 -24"><span class='ocrx_word' id='word_1_203' title='bbox 288 3347 289 3351; x_wconf 48' lang='lat'><strong>,</strong></span> <span class='ocrx_word' id='word_1_204' title='bbox 400 3286 549 3344; x_wconf 84' lang='lat' dir='ltr'><strong>notorem</strong></span> <span class='ocrx_word' id='word_1_205' title='bbox 561 3291 590 3345; x_wconf 91' lang='lat' dir='ltr'><strong>et</strong></span> <span class='ocrx_word' id='word_1_206' title='bbox 604 3283 737 3363; x_wconf 81' lang='lat' dir='ltr'><strong>capitote</strong></span> <span class='ocrx_word' id='word_1_207' title='bbox 748 3284 948 3347; x_wconf 90' lang='lat' dir='ltr'><strong>discernatur.</strong></span> <span class='ocrx_word' id='word_1_208' title='bbox 962 3285 1049 3359; x_wconf 82' lang='lat' dir='ltr'><strong>Quod</strong></span> <span class='ocrx_word' id='word_1_209' title='bbox 1060 3285 1226 3349; x_wconf 90' lang='lat' dir='ltr'><strong>discrimen</strong></span> <span class='ocrx_word' id='word_1_210' title='bbox 1238 3287 1263 3348; x_wconf 92' lang='lat' dir='ltr'><strong>si</strong></span> <span class='ocrx_word' id='word_1_211' title='bbox 1279 3288 1372 3361; x_wconf 89' lang='lat' dir='ltr'><strong>deret,</strong></span> <span class='ocrx_word' id='word_1_212' title='bbox 1387 3286 1484 3366; x_wconf 81' lang='lat' dir='ltr'><strong>magis</strong></span> 
     </span>
    </p>
   </div>
   <div class='ocr_carea' id='block_1_6' title="bbox 391 3378 1485 3564">
    <p class='ocr_par' dir='ltr' id='par_1_6' title="bbox 391 3378 1485 3564">
     <span class='ocr_line' id='line_1_27' title="bbox 391 3378 1485 3465; baseline 0.004 -21"><span class='ocrx_word' id='word_1_213' title='bbox 391 3378 566 3444; x_wconf 51' lang='lat' dir='ltr'><strong>,scientifice</strong></span> <span class='ocrx_word' id='word_1_214' title='bbox 590 3397 663 3443; x_wconf 89' lang='lat' dir='ltr'><strong>sane</strong></span> <span class='ocrx_word' id='word_1_215' title='bbox 689 3382 797 3446; x_wconf 89' lang='lat' dir='ltr'><strong>disseri</strong></span> <span class='ocrx_word' id='word_1_216' title='bbox 823 3391 926 3462; x_wconf 89' lang='lat' dir='ltr'><strong>posset</strong></span> <span class='ocrx_word' id='word_1_217' title='bbox 947 3383 984 3446; x_wconf 93' lang='grc'><strong>(16</strong></span> <span class='ocrx_word' id='word_1_218' title='bbox 1006 3400 1083 3448; x_wconf 90' lang='lat' dir='ltr'><strong>nova</strong></span> <span class='ocrx_word' id='word_1_219' title='bbox 1105 3384 1303 3465; x_wconf 88' lang='lat' dir='ltr'><strong>productione</strong></span> <span class='ocrx_word' id='word_1_220' title='bbox 1324 3401 1427 3448; x_wconf 92' lang='lat' dir='ltr'><strong>rerum</strong></span> <span class='ocrx_word' id='word_1_221' title='bbox 1451 3400 1485 3448; x_wconf 90' lang='lat' dir='ltr'><strong>ao</strong></span> 
     </span>
     <span class='ocr_line' id='line_1_28' title="bbox 397 3478 1484 3564; baseline 0.006 -24"><span class='ocrx_word' id='word_1_222' title='bbox 397 3478 537 3542; x_wconf 91' lang='lat' dir='ltr'><strong>valorum</strong></span> <span class='ocrx_word' id='word_1_223' title='bbox 559 3496 566 3542; x_wconf 93' lang='lat'>:</span> <span class='ocrx_word' id='word_1_224' title='bbox 590 3495 705 3556; x_wconf 79' lang='lat' dir='ltr'><strong>nomm,</strong></span> <span class='ocrx_word' id='word_1_225' title='bbox 730 3481 809 3562; x_wconf 92' lang='lat' dir='ltr'><strong>quod</strong></span> <span class='ocrx_word' id='word_1_226' title='bbox 836 3482 874 3545; x_wconf 88' lang='lat' dir='ltr'><strong>ab</strong></span> <span class='ocrx_word' id='word_1_227' title='bbox 900 3481 988 3547; x_wconf 89' lang='lat' dir='ltr'><strong>initio</strong></span> <span class='ocrx_word' id='word_1_228' title='bbox 1013 3483 1198 3560; x_wconf 88' lang='lat' dir='ltr'><strong>notavimus,</strong></span> <span class='ocrx_word' id='word_1_229' title='bbox 1221 3493 1255 3547; x_wconf 92' lang='lat' dir='ltr'><strong>ut</strong></span> <span class='ocrx_word' id='word_1_230' title='bbox 1280 3483 1349 3564; x_wconf 92' lang='lat' dir='ltr'><strong>quis</strong></span> <span class='ocrx_word' id='word_1_231' title='bbox 1373 3499 1406 3546; x_wconf 92' lang='grc'><strong>(6</strong></span> <span class='ocrx_word' id='word_1_232' title='bbox 1431 3500 1484 3546; x_wconf 93' lang='lat' dir='ltr'><strong>sua</strong></span> 
     </span>
    </p>
   </div>
   <div class='ocr_carea' id='block_1_7' title="bbox 393 3717 1481 4278">
    <p class='ocr_par' dir='ltr' id='par_1_7' title="bbox 393 3717 1481 4278">
     <span class='ocr_line' id='line_1_29' title="bbox 431 3717 1481 3787; baseline 0.001 -15"><span class='ocrx_word' id='word_1_233' title='bbox 431 3718 466 3781; x_wconf 84' lang='lat' dir='ltr'><strong>(l)</strong></span> <span class='ocrx_word' id='word_1_234' title='bbox 483 3717 557 3773; x_wconf 90' lang='lat' dir='ltr'><strong>ldem</strong></span> <span class='ocrx_word' id='word_1_235' title='bbox 569 3717 715 3774; x_wconf 90' lang='lat' dir='ltr'><strong>ultimatim</strong></span> <span class='ocrx_word' id='word_1_236' title='bbox 732 3721 774 3774; x_wconf 86' lang='lat' dir='ltr'><strong>est</strong></span> <span class='ocrx_word' id='word_1_237' title='bbox 789 3721 939 3784; x_wconf 88' lang='lat' dir='ltr'><strong>conceptus</strong></span> <span class='ocrx_word' id='word_1_238' title='bbox 956 3732 1039 3787; x_wconf 90' lang='lat' dir='ltr'><strong>quem</strong></span> <span class='ocrx_word' id='word_1_239' title='bbox 1051 3720 1080 3773; x_wconf 88' lang='lat' dir='ltr'><strong>P.</strong></span> <span class='ocrx_word' id='word_1_240' title='bbox 1093 3720 1183 3775; x_wconf 85' lang='lat' dir='ltr'><strong>Wurss</strong></span> <span class='ocrx_word' id='word_1_241' title='bbox 1196 3719 1248 3785; x_wconf 86' lang='lat' dir='ltr'><strong>(op.</strong></span> <span class='ocrx_word' id='word_1_242' title='bbox 1261 3735 1296 3784; x_wconf 88' lang='lat' dir='ltr'><strong>e.,</strong></span> <span class='ocrx_word' id='word_1_243' title='bbox 1309 3721 1420 3786; x_wconf 86' lang='lat' dir='ltr'><strong>passim)</strong></span> <span class='ocrx_word' id='word_1_244' title='bbox 1431 3719 1481 3775; x_wconf 88' lang='lat' dir='ltr'><strong>sibi</strong></span> 
     </span>
     <span class='ocr_line' id='line_1_30' title="bbox 394 3797 1481 3868; baseline 0 -14"><span class='ocrx_word' id='word_1_245' title='bbox 394 3798 550 3855; x_wconf 82' lang='lat' dir='ltr'><strong>efformavit</strong></span> <span class='ocrx_word' id='word_1_246' title='bbox 570 3797 604 3855; x_wconf 92' lang='lat' dir='ltr'><strong>de</strong></span> <span class='ocrx_word' id='word_1_247' title='bbox 623 3799 741 3865; x_wconf 89' lang='lat' dir='ltr'><strong>capitali.</strong></span> <span class='ocrx_word' id='word_1_248' title='bbox 762 3800 805 3864; x_wconf 80' lang='lat' dir='ltr'><strong>dl,</strong></span> <span class='ocrx_word' id='word_1_249' title='bbox 824 3802 856 3856; x_wconf 90' lang='lat' dir='ltr'><strong>ut</strong></span> <span class='ocrx_word' id='word_1_250' title='bbox 875 3799 1005 3865; x_wconf 89' lang='lat' dir='ltr'><strong>vidimus,</strong></span> <span class='ocrx_word' id='word_1_251' title='bbox 1025 3803 1145 3868; x_wconf 82' lang='lat' dir='ltr'><strong>systema</strong></span> <span class='ocrx_word' id='word_1_252' title='bbox 1164 3801 1239 3868; x_wconf 91' lang='lat' dir='ltr'><strong>quod</strong></span> <span class='ocrx_word' id='word_1_253' title='bbox 1259 3800 1431 3858; x_wconf 79' lang='lat' dir='ltr'><strong>defendimus</strong></span> <span class='ocrx_word' id='word_1_254' title='bbox 1449 3801 1481 3855; x_wconf 89' lang='lat' dir='ltr'><strong>ab</strong></span> 
     </span>
     <span class='ocr_line' id='line_1_31' title="bbox 397 3879 1480 3948; baseline 0.002 -14"><span class='ocrx_word' id='word_1_255' title='bbox 397 3879 487 3946; x_wconf 85' lang='lat' dir='ltr'><strong>ipsius</strong></span> <span class='ocrx_word' id='word_1_256' title='bbox 504 3879 684 3946; x_wconf 78' lang='lat' dir='ltr'><strong>distinguitur</strong></span> <span class='ocrx_word' id='word_1_257' title='bbox 701 3881 892 3946; x_wconf 89' lang='lat' dir='ltr'><strong>essentialiter,</strong></span> <span class='ocrx_word' id='word_1_258' title='bbox 904 3895 938 3937; x_wconf 89' lang='lat' dir='ltr'><strong>eo</strong></span> <span class='ocrx_word' id='word_1_259' title='bbox 955 3881 1031 3948; x_wconf 93' lang='lat' dir='ltr'><strong>quod</strong></span> <span class='ocrx_word' id='word_1_260' title='bbox 1050 3882 1109 3948; x_wconf 89' lang='lat' dir='ltr'><strong>ipse</strong></span> <span class='ocrx_word' id='word_1_261' title='bbox 1125 3888 1156 3939; x_wconf 92' lang='lat' dir='ltr'><strong>ut</strong></span> <span class='ocrx_word' id='word_1_262' title='bbox 1173 3898 1233 3936; x_wconf 88' lang='lat' dir='ltr'><strong>rem</strong></span> <span class='ocrx_word' id='word_1_263' title='bbox 1243 3890 1480 3947; x_wconf 82' lang='lat' dir='ltr'><strong>permanentem,a</strong></span> 
     </span>
     <span class='ocr_line' id='line_1_32' title="bbox 397 3961 1479 4032; baseline 0.003 -17"><span class='ocrx_word' id='word_1_264' title='bbox 397 3975 452 4027; x_wconf 91' lang='lat' dir='ltr'><strong>qua</strong></span> <span class='ocrx_word' id='word_1_265' title='bbox 471 3961 548 4017; x_wconf 88' lang='lat' dir='ltr'><strong>valor</strong></span> <span class='ocrx_word' id='word_1_266' title='bbox 567 3976 635 4018; x_wconf 87' lang='lat' dir='ltr'><strong>usus</strong></span> <span class='ocrx_word' id='word_1_267' title='bbox 656 3963 743 4029; x_wconf 87' lang='lat' dir='ltr'><strong>possit</strong></span> <span class='ocrx_word' id='word_1_268' title='bbox 763 3964 893 4030; x_wconf 86' lang='lat' dir='ltr'><strong>separari,</strong></span> <span class='ocrx_word' id='word_1_269' title='bbox 914 3962 1069 4020; x_wconf 87' lang='lat' dir='ltr'><strong>consideret</strong></span> <span class='ocrx_word' id='word_1_270' title='bbox 1089 3978 1145 4020; x_wconf 93' lang='lat' dir='ltr'><strong>nou</strong></span> <span class='ocrx_word' id='word_1_271' title='bbox 1166 3965 1273 4020; x_wconf 88' lang='lat' dir='ltr'><strong>tantum</strong></span> <span class='ocrx_word' id='word_1_272' title='bbox 1293 3977 1352 4020; x_wconf 90' lang='lat' dir='ltr'><strong>rem</strong></span> <span class='ocrx_word' id='word_1_273' title='bbox 1371 3964 1479 4032; x_wconf 81' lang='lat' dir='ltr'><strong>physice</strong></span> 
     </span>
     <span class='ocr_line' id='line_1_33' title="bbox 397 4044 1478 4112; baseline 0.002 -15"><span class='ocrx_word' id='word_1_274' title='bbox 397 4045 610 4108; x_wconf 88' lang='lat' dir='ltr'><strong>permanentem,</strong></span> <span class='ocrx_word' id='word_1_275' title='bbox 621 4044 668 4104; x_wconf 88' lang='lat' dir='ltr'><strong>sed</strong></span> <span class='ocrx_word' id='word_1_276' title='bbox 681 4045 772 4111; x_wconf 90' lang='lat' dir='ltr'><strong>ipsum</strong></span> <span class='ocrx_word' id='word_1_277' title='bbox 784 4047 904 4098; x_wconf 84' lang='lat' dir='ltr'><strong>valorem</strong></span> <span class='ocrx_word' id='word_1_278' title='bbox 916 4045 1058 4112; x_wconf 90' lang='lat' dir='ltr'><strong>aequalem</strong></span> <span class='ocrx_word' id='word_1_279' title='bbox 1069 4045 1274 4102; x_wconf 87' lang='lat' dir='ltr'><strong>subsistentem.</strong></span> <span class='ocrx_word' id='word_1_280' title='bbox 1284 4045 1350 4102; x_wconf 90' lang='lat' dir='ltr'><strong>Inde</strong></span> <span class='ocrx_word' id='word_1_281' title='bbox 1361 4046 1401 4111; x_wconf 85' lang='lat' dir='ltr'><strong>iit,</strong></span> <span class='ocrx_word' id='word_1_282' title='bbox 1412 4046 1478 4101; x_wconf 84' lang='lat' dir='ltr'><strong>inter</strong></span> 
     </span>
     <span class='ocr_line' id='line_1_34' title="bbox 393 4123 1476 4196; baseline 0.005 -18"><span class='ocrx_word' id='word_1_283' title='bbox 393 4123 463 4190; x_wconf 89' lang='lat' dir='ltr'><strong>alia,</strong></span> <span class='ocrx_word' id='word_1_284' title='bbox 485 4129 516 4182; x_wconf 94' lang='lat' dir='ltr'><strong>ut</strong></span> <span class='ocrx_word' id='word_1_285' title='bbox 536 4128 666 4193; x_wconf 84' lang='lat' dir='ltr'><strong>pecunia,</strong></span> <span class='ocrx_word' id='word_1_286' title='bbox 688 4141 771 4195; x_wconf 95' lang='lat' dir='ltr'><strong>quam</strong></span> <span class='ocrx_word' id='word_1_287' title='bbox 792 4128 820 4183; x_wconf 90' lang='lat' dir='ltr'><strong>iu</strong></span> <span class='ocrx_word' id='word_1_288' title='bbox 840 4141 871 4184; x_wconf 88' lang='lat' dir='ltr'><strong>se</strong></span> <span class='ocrx_word' id='word_1_289' title='bbox 890 4128 999 4194; x_wconf 86' lang='lat' dir='ltr'><strong>capitali</strong></span> <span class='ocrx_word' id='word_1_290' title='bbox 1018 4131 1140 4194; x_wconf 81' lang='lat' dir='ltr'><strong>opponit,</strong></span> <span class='ocrx_word' id='word_1_291' title='bbox 1162 4129 1265 4194; x_wconf 88' lang='lat' dir='ltr'><strong>possit,</strong></span> <span class='ocrx_word' id='word_1_292' title='bbox 1284 4128 1362 4196; x_wconf 83' lang='lat' dir='ltr'><strong>juxta</strong></span> <span class='ocrx_word' id='word_1_293' title='bbox 1382 4129 1476 4195; x_wconf 89' lang='lat' dir='ltr'><strong>ipsum,</strong></span> 
     </span>
     <span class='ocr_line' id='line_1_35' title="bbox 397 4209 1313 4278; baseline 0.01 -16"><span class='ocrx_word' id='word_1_294' title='bbox 397 4219 494 4263; x_wconf 87' lang='lat' dir='ltr'><strong>verum</strong></span> <span class='ocrx_word' id='word_1_295' title='bbox 505 4209 620 4277; x_wconf 86' lang='lat' dir='ltr'><strong>capitale</strong></span> <span class='ocrx_word' id='word_1_296' title='bbox 631 4210 698 4267; x_wconf 86' lang='lat' dir='ltr'><strong>edici</strong></span> <span class='ocrx_word' id='word_1_297' title='bbox 712 4212 736 4267; x_wconf 90' lang='lat' dir='ltr'><strong>si</strong></span> <span class='ocrx_word' id='word_1_298' title='bbox 749 4210 842 4267; x_wconf 89' lang='lat' dir='ltr'><strong>labore</strong></span> <span class='ocrx_word' id='word_1_299' title='bbox 853 4210 887 4267; x_wconf 92' lang='lat' dir='ltr'><strong>ad</strong></span> <span class='ocrx_word' id='word_1_300' title='bbox 900 4211 1108 4278; x_wconf 89' lang='lat' dir='ltr'><strong>productionem</strong></span> <span class='ocrx_word' id='word_1_301' title='bbox 1120 4211 1291 4269; x_wconf 84' lang='lat' dir='ltr'><strong>adhibeatur.</strong></span> <span class='ocrx_word' id='word_1_302' title='bbox 1309 4265 1313 4271; x_wconf 90' lang='lat'><strong>.</strong></span> 
     </span>
    </p>
   </div>
   <div class='ocr_carea' id='block_1_8' title="bbox 0 0 1626 4953">
    <p class='ocr_par' dir='ltr' id='par_1_8' title="bbox 0 0 1626 4953">
     <span class='ocr_line' id='line_1_36' title="bbox 0 0 1626 4953; baseline 0 0"><span class='ocrx_word' id='word_1_303' title='bbox 0 0 1626 4953; x_wconf 95' lang='lat' dir='ltr'><strong> </strong></span> 
     </span>
    </p>
   </div>
  </div>
 </body>
</html>
