3242 4959
351 486 416 534 car.
433 488 466 533 rr.
483 487 627 534 omnum
641 487 1000 536 sonantesconlsucae.
1162 470 1224 535 lbet

430 677 470 729 Δ.
488 678 535 729 Do
551 689 614 730 usu
630 677 788 742 mmo
803 677 924 732 activo

172 844 271 908 Porro
281 860 318 907 ex
330 844 407 908 locis
418 844 483 908 illis
493 852 611 910 constat
622 846 783 925 pecuniam
796 845 965 910 formaliter
975 863 1040 910 esse
1054 869 1069 904 ι
1082 847 1220 936 nepotem

126 950 159 1006 et
174 960 354 1007 mensorum
369 960 471 1008 rerum
488 945 673 1008 amelium»
691 947 739 1022 (ι).
762 946 884 1008 litorum
904 945 943 1008 ad
965 941 1083 1009 venalia
1104 946 1218 1024 omnia,

125 1039 161 1105 id
179 1051 238 1117 est,
255 1041 294 1105 ad
311 1043 415 1106 omnin
430 1059 508 1124 quae
528 1043 688 1108 bominum
709 1045 788 1107 inter
809 1060 842 1108 se
863 1044 1044 1108 commercio
1066 1060 1119 1108 seu
1141 1045 1219 1109 vitae

126 1140 338 1203 tamnomicae
353 1139 644 1204 commutationibus
663 1141 804 1217 subsunt,
823 1158 885 1205 non
905 1151 1006 1205 autem
1027 1141 1067 1205 ad
1088 1149 1217 1218 caetera,

124 1237 309 1301 relationem
337 1238 482 1319 importat
508 1241 647 1320 pecunia.
676 1242 792 1322 Nempe
816 1241 998 1321 «quantitas
1019 1241 1065 1303 rei
1085 1257 1164 1321 quoe
1183 1241 1218 1302 in

125 1334 222 1398 mom
237 1335 372 1400 bominis
387 1339 479 1411 venit,
497 1349 691 1403 mensuratur
710 1340 878 1404 secundum
893 1339 1024 1420 pretium
1039 1339 1144 1402 datum
1154 1337 1218 1416 ;'ad

125 1435 212 1514 quod
228 1444 275 1498 est
289 1435 445 1500 inventum
458 1438 623 1513 numisma,
637 1449 670 1500 ut
684 1438 797 1502 dicitur
810 1461 825 1494 a
840 1440 887 1515 (a).
904 1462 918 1495 o
933 1440 977 1502 lta
988 1438 1131 1518 proprius
1143 1450 1217 1500 usus

125 1535 278 1614 pecuniae
301 1543 350 1598 est
378 1545 411 1598 ut
438 1537 627 1617 expendatur
655 1554 710 1618 pro
739 1539 977 1601 commutatione
1006 1537 1141 1600 oliorum
1169 1553 1218 1600 rc·

123 1649 229 1695 mm»
247 1635 294 1711 (3).
314 1633 502 1696 ‹Numisma
516 1636 652 1698 continet
667 1637 770 1699 omnia
785 1652 877 1716 opera
892 1636 971 1700 sicut
989 1635 1126 1715 ipsarum
1146 1651 1216 1715 pre·

125 1733 239 1796 tium»
263 1734 310 1809 (t).
334 1733 410 1796 Cum
435 1733 571 1813 praecise
596 1734 699 1798 omnia
724 1736 854 1807 venalia,
883 1752 937 1798 seu
962 1735 1085 1798 divitiae
1110 1750 1217 1798 omnes

124 1833 260 1911 petuma
283 1834 525 1896 commensurari
555 1833 684 1912 possint.
717 1833 785 1896 ideo
815 1833 1061 1914 frequentissime
1091 1831 1217 1897 divitias

125 1947 242 2006 mnam,
252 1929 290 1992 ad
298 1931 474 2011 exemplum
484 1932 669 2005 Aristotelis,
680 1933 859 2012 lanistarum
873 1947 1080 2009 romanorum,
1095 1943 1216 1997 sancto·

124 2045 258 2108 rumque
269 2031 407 2104 Petrum,
419 2030 603 2110 «pecuniam
614 2053 628 2086 ›
639 2031 712 2094 dicit
722 2047 751 2093 z«
765 2030 935 2094 Dicendum
947 2031 1216 2111 quod‚seeundum

126 2129 361 2208 Philosophum.
385 2145 476 2192 omne
499 2129 575 2192 illud
601 2147 656 2210 pro
677 2132 806 2210 pecunia
827 2132 956 2195 babetur
977 2131 1063 2210 cuius
1084 2131 1215 2212 pretium

124 2236 226 2308 potest
243 2228 371 2309 pecunia
387 2229 586 2292 mensurari»
605 2232 651 2306 (5).
672 2230 870 2294 «Dicendum
886 2230 978 2310 quod,
997 2231 1076 2293 sicut
1090 2232 1214 2310 Augus·

125 2325 210 2390 tinus
225 2327 313 2402 dicit,
331 2335 428 2390 lotum
443 2327 593 2406 quidquid
609 2329 750 2391 homines
768 2330 800 2390 in
822 2337 900 2392 terra
922 2329 1045 2405 babent,
1063 2337 1092 2391 et
1111 2329 1213 2391 omnia

125 2442 256 2506 quorum
276 2435 347 2490 suut
362 2426 490 2500 domini,
509 2428 637 2507 pecnnia
659 2437 810 2490 uocatur»
829 2430 875 2504 (e).
896 2428 1038 2492 «Omnes
1060 2444 1109 2490 res
1130 2435 1213 2490 exte-

124 2525 232 2599 riores,
250 2524 469 2604 praeveniunt
487 2524 520 2585 in
541 2541 630 2588 nsum
648 2525 799 2588 humanae
815 2526 904 2601 vitae,
922 2526 1045 2588 anuline
1067 2525 1212 2606 pecuniae

124 2623 349 2703 intelliguntur,
376 2624 409 2684 in
436 2631 584 2703 quantum
611 2625 722 2688 babent
748 2625 895 2688 rationem
925 2625 996 2688 boni
1023 2625 1133 2688 utilis»
1162 2628 1208 2703 (ι).

165 2720 1210 2802 Undepecunianonmensurauturillabonaquaecommutationibus

123 2921 155 2972 de
169 2919 302 2974 Gdtmdc
319 2921 453 2981 Lessinct.
473 2934 500 2986 p.
512 2919 544 2976 8:
557 2935 580 2975 s.
599 2920 727 2975 louvain.
746 2921 857 2976 institut
875 2919 909 2975 de
926 2918 1028 2976 Philon.
1048 2918 1122 2974 1901.
1141 2919 1210 2976 lluio

123 3001 299 3068 pbilosopbo,
312 3003 339 3057 S.
353 3003 473 3059 Tboruae
483 3017 592 3065 maeno.
604 3006 701 3058 auctor
711 3003 876 3069 opusculum
895 3004 938 3056 Dc
950 3005 1040 3056 neuros
1057 3001 1164 3058 tribuit.
1176 3029 1210 3041 -

123 3083 301 3142 Praelerloca
316 3087 406 3149 citata.
419 3087 564 3142 verbulum
576 3085 611 3142 de
622 3085 736 3152 pocumu
747 3091 776 3141 et
794 3097 876 3141 usura
895 3085 1012 3142 babetur
1029 3086 1057 3140 in
1075 3084 1210 3152 opuscolo

122 3169 367 3233 Indttoprneccpto
376 3171 499 3222 conlatu
505 3175 531 3222 et
539 3169 752 3235 indecemchia
760 3174 903 3232 praecepto
909 3171 1046 3233 expositio.
1054 3168 1208 3234 cap.llll1v·,

123 3251 187 3306 item
203 3251 239 3303 In
251 3252 368 3315 metatos
385 3252 500 3304 manno
516 3253 654 3314 enecatio
671 3265 712 3316 ps.
731 3251 795 3306 le.
808 3277 842 3288 -
854 3250 972 3306 Tandem
988 3250 1144 3306 addendum
1155 3254 1208 3318 cot,

123 3334 287 3400 opuseulum
298 3335 340 3386 De
349 3335 480 3399 repimine
487 3336 649 3397 mannum,
659 3347 748 3400 usone
756 3333 789 3388 ad
799 3347 823 3389 c.
834 3333 851 3388 b
861 3333 923 3388 libri
932 3335 964 3397 11,
974 3347 1035 3390 esse
1043 3334 1070 3388 S.
1079 3333 1207 3400 Tbomao

123 3413 224 3471 librum
241 3418 333 3471 autem
351 3415 394 3469 ll¹¹¹
410 3428 471 3470 esse
481 3414 639 3469 absolutum
650 3428 686 3470 ex
696 3411 807 3481 seriptis
819 3416 845 3470 S.
859 3415 987 3479 Tbomae.
999 3416 1034 3472 ab
1049 3414 1110 3482 eius
1127 3415 1207 3471 disci·

122 3499 187 3563 pulo
198 3498 354 3554 Ptolemaeo
366 3497 490 3553 lucensi.
501 3497 576 3552 Unde
587 3495 656 3552 nibil
668 3498 964 3564 probibetouominue‚
973 3512 1037 3555 eum
1048 3499 1207 3554 auctoribus

122 3583 313 3642 communiter.
325 3580 478 3637 doctrinam
495 3581 664 3645 demonem,
678 3582 706 3636 in
722 3581 793 3637 libro
804 3582 828 3635 ΙΙ
839 3585 1004 3648 contentam,
1017 3581 1165 3638 babeamus
1175 3583 1206 3638 ut

122 3663 272 3720 doctrinam
283 3677 348 3719 uere
360 3663 553 3719 tboruisticam.

151 3745 186 3808 (l)
201 3745 240 3802 ct.
254 3747 296 3799 Dc
307 3748 438 3812 romanino
448 3748 611 3811 mambrem
623 3746 652 3800 L.
665 3747 697 3807 ll,
709 3759 734 3801 c.
747 3745 789 3800 13.

151 3829 186 3891 (9)
202 3827 242 3885 cl.
254 3829 283 3882 9·
294 3829 343 3890 9ο,
356 3841 383 3894 o.
397 3827 514 3890 lxxvii,
527 3842 552 3882 a.
567 3828 592 3891 l,
604 3841 639 3892 c.;
653 3827 716 3883 ooll.
729 3841 754 3883 a.
767 3829 792 3891 9,
805 3828 839 3884 ad
852 3828 878 3884 3.

151 3912 185 3975 (3)
201 3911 240 3968 cl.
258 3911 301 3965 De
312 3913 397 3972 Moto.
409 3925 437 3978 o.
450 3913 516 3972 lllll.
528 3926 552 3966 a.
564 3911 589 3975 l,
602 3925 626 3968 c.

151 3995 185 4056 lli
201 3994 240 4051 Gi.
255 3997 299 4048 Dc
308 3998 440 4062 repiminc
450 3997 612 4060 paucimos,
627 3995 654 4050 Ι..
667 3993 699 4059 ll,
712 4006 737 4050 c.
750 3997 775 4048 l.

151 4076 185 4138 (b)
200 4076 238 4132 cl.
251 4077 334 4141 2¹2³,
347 4091 375 4143 o.
388 4075 518 4140 bllllvllL
531 4091 555 4131 n.
569 4077 595 4140 9,
608 4091 644 4142 e.;
656 4076 720 4132 eoll.
733 4091 760 4144 o.
775 4077 802 4141 C,
815 4091 839 4132 a.
853 4077 877 4138 9.
891 4091 915 4132 c.

152 4157 186 4220 (6)
201 4158 239 4214 cl.
252 4160 298 4223 ib..
312 4174 339 4225 o.
353 4159 446 4220 Cllvll.
460 4173 485 4214 a.
498 4160 524 4224 9,
536 4158 570 4213 ad
581 4161 607 4214 9.

153 4241 185 4304 (i)
201 4241 238 4298 Cf.
252 4243 298 4307 it„
312 4257 339 4308 o.
353 4242 458 4305 cxvlll.
471 4256 495 4297 a.
508 4242 534 4307 9,
547 4241 579 4297 ad
592 4242 617 4296 9.
