3242 4959
433 838 435 848 '
493 815 496 822 ,
570 822 722 901 CAPUT
751 822 794 899 ll.

164 963 165 967 Ν
272 1009 318 1065 on
345 958 556 1066 cournrcru
583 1006 656 1076 ouo
683 1005 839 1066 omnem
863 1007 1094 1064 euuuurvrun..
1153 1026 1157 1032 ·
1241 1043 1244 1050 .

551 1237 772 1301 nottelmus
794 1238 818 1300 l.

255 1400 315 1448 om
336 1397 544 1448 CONTRACTU
563 1397 704 1448 CREDITI
726 1398 764 1447 IN
785 1398 827 1448 SE
847 1397 1099 1448 CONSIDERATO.

184 1598 326 1672 Quaestio
341 1613 422 1661 nuno
436 1597 536 1679 agitor
550 1597 587 1660 de
603 1605 760 1661 contractu
770 1596 828 1665 ¹illo
841 1613 900 1676 quo
914 1612 963 1659 res
974 1596 1086 1671 variae,
1098 1612 1227 1676 quarum

126 1685 282 1760 'naturam
308 1697 458 1760 luerosam
483 1697 529 1760 vel
556 1696 690 1760 sterilem
715 1694 806 1758 modo
832 1695 1111 1770 determinavimus,
1139 1693 1228 1757 alteri

142 1795 321 1872 credentum
348 1795 623 1876 praescindendum
652 1803 698 1858 est
725 1794 820 1875 igitur
843 1811 861 1857 a
888 1793 1080 1874 proprietarii
1110 1793 1225 1865 labore,

142 1892 288 1973 periculo,
306 1891 417 1956 damno
433 1892 540 1971 quovis
554 1907 623 1954 vere
638 1891 832 1965 aestimabili,
850 1891 895 1953 vel
912 1891 983 1953 aliis
999 1891 1073 1954 lueri
1099 1891 1228 1954 rationi·

143 1992 200 2054 hus
226 2007 303 2072 quae
332 1991 370 2054 ab
395 1991 562 2054 extrinseco
588 1997 617 2052 et
641 2005 695 2070 per
716 1989 869 2060 accidens,
898 1990 1017 2052 etiamsi
1048 1990 1226 2066 universim,

144 2091 310 2156 contractui
333 2091 439 2154 adesse
459 2091 578 2172 possint
603 2106 658 2153 nee
683 2097 855 2154 contractus
880 2098 1006 2152 naturae
1032 2089 1227 2162 adhaereant.

143 2189 261 2263 eribus
281 2190 434 2269 sepositis,
455 2194 629 2252 contractus
650 2187 760 2251 crediti
783 2189 861 2252 ratio
883 2187 1021 2251 formalis
1047 2205 1083 2251 ex
1108 2188 1229 2252 diversa

143 2295 251 2350 natura
281 2287 387 2367 objecti
414 2288 521 2351 oritur.
550 2288 635 2362 Quod
665 2287 867 2351 communiter
895 2285 933 2348 de
961 2287 1044 2349 omni
1073 2293 1229 2349 contracto

144 2385 324 2461 admissum,
343 2386 390 2448 vix
406 2386 444 2448 ab
467 2386 571 2466 aliquo
592 2385 643 2449 hie
663 2386 946 2466 negaretursPatet
967 2384 1049 2447 enim
1070 2401 1131 2448 non
1153 2401 1229 2465 pen-

144 2485 214 2548 dere
230 2501 247 2548 a
262 2501 346 2548 mera
360 2486 513 2548 voluntate
531 2485 701 2558 creditoris,
719 2492 821 2548 utrum
841 2500 936 2548 neone
952 2483 1070 2548 debitor
1091 2493 1242 2547 teneatur.

144 2600 180 2647 eu
192 2583 311 2662 J'ustitia
326 2583 364 2646 ad
379 2584 546 2647 auctarium
568 2580 627 2664 ipsi
649 2601 702 2646 seu
724 2599 798 2646 usus
819 2583 950 2663 pretium
972 2599 1042 2646 eum
1063 2599 1095 2645 re
1117 2583 1230 2646 credita

143 2684 393 2748 retribuendum:
410 2707 423 2738 v
438 2683 491 2747 der
506 2683 723 2765 Eigenthiimer
736 2683 789 2745 irat
803 2682 956 2747 vielleioht
968 2683 1068 2746 niehts
1079 2682 1227 2763 dagegen

144 2785 185 2847 ita
215 2783 454 2848 Blilrm-Bavverk
479 2786 512 2860 (r)
537 2783 574 2846 de
599 2783 690 2845 robus
712 2782 811 2862 primo
841 2799 898 2844 usu
927 2770 1228 2861 consumptibililous,

144 2882 224 2945 wohl
240 2882 313 2945 aber
327 2881 376 2944 die
391 2883 486 2944 Natur
500 2880 554 2944 der
569 2880 675 2944 Saehe.
692 2902 706 2936 »

186 2981 364 3044 Contractus
378 2988 490 3053 autem,
508 2978 545 3041 de
561 2994 620 3059 quo
635 2978 685 3040 hie
700 2977 810 3056 agitur,
829 2984 875 3038 est
889 2976 1049 3058 eonventio
1071 2993 1132 3056 qua
1150 2994 1230 3040 unus

144 3079 187 3142 rei
203 3094 275 3141 suae
294 3094 383 3140 osum
406 3076 558 3141 concredit
580 3076 666 3139 alteri
688 3075 740 3154 qui
762 3082 833 3154 post
854 3073 1088 3136 determinatum
1111 3083 1231 3155 tempus

144 3177 380 3258 praestationem
395 3193 412 3240 a
428 3175 526 3255 primo
541 3174 601 3254 ipsi
616 3173 726 3236 laetam
743 3172 781 3235 ad
796 3172 1050 3251 aequivalentiam
1072 3173 1231 3236 restituere

145 3283 275 3340 tenetur.
1009 3280 1013 3285 ·

186 3375 367 3438 Desinit-ione
393 3375 476 3438 lrisee
496 3372 598 3436 verbis
619 3372 729 3452 posita,
753 3387 827 3434 sane
848 3371 923 3433 nihil
945 3370 1180 3450 praeiudicatur.
1198 3371 1231 3434 Si

146 3477 308 3555 praestatio
324 3475 476 3554 utrimque
492 3475 524 3537 tit
541 3496 555 3530 α
569 3472 608 3535 ad
629 3471 924 3552 aequivalentium»,
942 3471 1096 3534 evidenter
1114 3470 1241 3549 iustitia

146 3583 283 3638 servatur
304 3573 427 3636 intaeta.
451 3573 511 3636 Nee
534 3570 662 3634 dicendo
681 3569 747 3632 «ad
768 3568 1021 3648 aequivalentiam
1040 3591 1068 3639 ».
1085 3584 1244 3648 praesup·.

145 3674 269 3755 ponitur
283 3671 435 3752 quomodo
451 3687 500 3734 res
514 3670 639 3734 retribui
655 3668 802 3748 possitae
822 3667 940 3741 debeat,
958 3674 1059 3730 utrum
1085 3668 1116 3728 in
1138 3665 1230 3728 reali·

146 3780 206 3835 tato
228 3787 283 3834 sua
304 3771 438 3852 physica,
463 3787 502 3833 an
524 3770 556 3832 in
578 3786 610 3832 re
632 3768 692 3832 alia
712 3767 868 3848 leopildi,
892 3766 923 3829 id
948 3775 994 3829 est
1018 3782 1095 3851 quae
1120 3766 1241 3846 prioris·

146 3870 228 3934 viees
243 3870 396 3933 naturales
410 3884 513 3950 gerere
528 3868 626 3948 possit
641 3869 687 3944 (a).
709 3865 855 3929 Ponendo
879 3873 976 3943 «post
997 3863 1244 3940 determinatum,

178 4065 213 4202 g}
229 4063 267 4194 1(ξῐ
278 4061 527 4201 ἕξῇἰῇὶιᾶὶαῖἕὲι
547 4137 721 4189 έὶένηεηίαίνε
739 4095 776 4188 de
792 4094 874 4188 Dvoil
892 4136 1009 4197 reatuin,
1031 4148 1058 4198 p.
1080 4090 1138 4197 tet,
1152 4093 1187 4188 n.
1207 4093 1245 4195 ll:

147 4215 222 4268 notat
240 4211 443 4268 distinctionem
462 4211 533 4266 inter
550 4224 595 4263 res
611 4208 752 4276 suammet
770 4211 797 4265 et
815 4223 860 4262 res
877 4223 930 4262 non
946 4206 1087 4274 summitas
1104 4220 1160 4263 nou
1171 4219 1243 4263 esse
