3242 4959
374 535 440 582 can.
457 537 478 581 1.
503 538 647 582 rnrucrrm
661 536 807 584 summme
823 537 1026 583 oeconomum.
1183 518 1243 582 133

140 700 200 764 ita
216 700 367 781 loquendo
382 702 442 765 sibi
457 701 576 765 videtur
590 703 756 782 genuinam
774 702 1004 767 scolasticorum
1026 701 1063 765 de
1085 701 1243 766 sterilitate
1262 679 1264 684 ¹

147 800 304 880 pecuniae
318 800 489 864 doctrinam
500 800 623 863 referre.
642 801 718 865 Cum
733 811 836 881 postea
853 817 889 863 ex
904 798 1042 881 professo
1064 799 1101 863 de
1122 816 1243 864 eorum-

150 896 227 960 dem
242 898 356 960 theoria
373 898 463 960 nohis
477 898 517 961 sit
540 896 703 978 agendum,
728 899 795 962 heic
813 915 868 978 per
887 911 1082 962 transennam
1104 907 1243 962 notemus

135 996 333 1061 >scolasticos
357 1013 461 1060 revera
487 1014 599 1078 ponere
625 998 788 1077 pecuniam
813 999 911 1078 primo
937 1014 994 1061 usu
1017 999 1165 1073 consumi,
1190 997 1243 1060 sed

145 1095 267 1159 addere
290 1112 298 1159 :
319 1095 387 1159 ideo
411 1097 443 1158 in
464 1105 569 1159 mutuo
590 1096 737 1176 pecuniae
758 1096 929 1159 dominium
952 1096 1122 1159 necessario
1144 1104 1243 1158 trans·

147 1193 241 1271 ferri,
262 1204 292 1258 61
312 1195 446 1269 tandem,
471 1196 631 1275 pecuniam
652 1200 760 1257 mutuo
781 1195 940 1278 creditam,
957 1210 1027 1258 cum
1049 1211 1098 1258 res
1119 1193 1242 1258 domino
1320 1240 1322 1244 -

138 1292 328 1368 Jmclilicet,
345 1293 491 1356 creditori
507 1311 573 1357 esse
587 1294 733 1357 sterilem.

196 1391 229 1453 2⁰
243 1393 356 1455 Auctor
366 1409 403 1454 ex
418 1391 568 1472 prolesso,
586 1392 667 1470 quod
685 1392 869 1467 notavimus,
887 1392 1018 1455 adstruit
1031 1391 1162 1473 capitale
1172 1406 1243 1471 pro-

134 1489 310 1553 -ductivum
324 1507 391 1553 esse
406 1492 540 1570 potentia
556 1499 686 1564 tanturn,
703 1498 743 1566 et,
761 1490 800 1553 ad
815 1491 894 1554 lranc
915 1493 948 1553 in
970 1500 1071 1554 actum
1095 1489 1243 1552 reducen-

147 1587 239 1663 dam,
256 1588 369 1669 requiri
389 1599 422 1651 ut
439 1589 541 1652 labore
559 1589 719 1667 conjuncto
740 1588 820 1652 idem
836 1589 965 1669 capitale
981 1590 1012 1651 in
1035 1603 1147 1650 novum
1170 1603 1243 1649 usus

136 1688 289 1752 ‘malorem
304 1688 547 1752 transformetur.
566 1689 679 1752 Eodem
695 1697 795 1751 autern
811 1688 901 1751 modo
917 1689 1021 1750 statuit
1036 1687 1072 1750 dc
1088 1686 1215 1767 pecunia
1234 1702 1240 1748 :

147 1810 173 1844 ι
185 1787 215 1849 ai
229 1805 272 1849 rtrt
283 1804 460 1868 possessettr
474 1786 612 1868 d’orqcnt
632 1793 703 1850 ucat
724 1805 783 1868 que
803 1793 971 1867 retorperet
987 1786 1032 1849 lot
1047 1791 1202 1867 repperio,
1220 1784 1242 1846 il

135 1884 221 1948 *doit
235 1884 405 1966 l’ecnanger
421 1887 580 1949 lui-meme
600 1902 639 1948 on
661 1887 688 1949 le
710 1885 786 1950 faire
809 1884 959 1965 echanger
979 1900 1035 1966 par
1057 1884 1189 1947 d'autres
1205 1917 1245 1930 -

136 1985 258 2064 -quand
284 1986 382 2047 meme
404 1985 425 2046 il
449 1985 565 2048 devrait
586 2001 699 2065 passer,
713 2001 767 2065 par
788 1994 857 2048 cent
877 1985 978 2048 mains
999 1983 1182 2056 differentes,
1204 2017 1243 2028 -

134 2099 195 2145 ·en
209 2100 251 2145 un
266 2081 439 2163 equivalent
460 2083 660 2163 productihle,
679 2082 753 2146 dont
774 2099 813 2146 on
833 2084 936 2164 puisse
957 2084 1029 2145 liner
1047 2100 1090 2144 un
1110 2081 1244 2144 usuiruit

135 2181 275 2262 dapnes
290 2183 334 2246 les
349 2183 407 2246 lois
422 2199 568 2256 connnes,
586 2182 705 2263 d’apres
718 2199 775 2263 par
789 2169 976 2263 consequent
992 2198 1047 2245 son
1061 2183 1157 2245 union
1171 2198 1243 2245 avec

137 2280 185 2343 de
198 2280 316 2343 travail.
333 2281 411 2343 llais
423 2289 487 2343 tant
498 2297 556 2359 que
572 2282 737 2361 quelqu’un
752 2282 840 2344 traite
852 2281 979 2362 l’argont
990 2297 1107 2344 comme
1122 2291 1235 2360 argent

147 2379 180 2441 il
205 2395 243 2442 nc
267 2387 338 2459 peut
363 2395 400 2442 en
428 2380 504 2442 laire
528 2397 569 2442 un
591 2388 676 2443 autre
697 2397 791 2462 usage
813 2397 870 2461 quc
892 2381 969 2444 celui
991 2379 1028 2442 de
1052 2381 1080 2442 lc
1101 2395 1242 2442 consom-

148 2491 252 2539 mer»
276 2480 322 2555 (tl.
344 2478 404 2542 Cur
428 2477 556 2558 proinde
577 2479 701 2558 ponitur
724 2479 881 2542 conclusio
903 2479 1071 2542 contraria?
1092 2477 1241 2557 Equidem

146 2584 260 2638 auctor
274 2577 382 2639 asserit
396 2585 515 2639 tantum
527 2577 733 2657 aequivalens,
743 2578 843 2657 inquo
855 2578 983 2658 pecunia
995 2575 1238 2650 transformatur,

135 2672 357 2756 ‚prodoctllrtle
381 2691 435 2738 seu
461 2676 646 2755 producendi
674 2692 768 2756 capax
791 2692 882 2739 esse:
903 2675 993 2739 «ccci
1016 2692 1033 2738 a
1055 2675 1116 2736 lieu
1137 2672 1241 2756 parle

149 2787 263 2851 moyen
287 2773 325 2836 de
346 2774 376 2846 la
400 2774 624 2853 capitalisation
641 2798 668 2836 1.
687 2773 746 2837 Sed
771 2773 814 2837 ita
839 2773 1000 2836 manifeste
1026 2772 1104 2836 ludit
1127 2771 1238 2834 verbis.

148 2873 313 2946 Quomodo
334 2874 469 2953 insuper,
490 2874 580 2938 citato
599 2874 677 2948 loco,
695 2874 864 2954 distinguat
878 2875 961 2937 inter
978 2872 1241 2952 consumptionem

146 2972 302 3052 ¹pecuniae
315 2988 375 3052 qua
389 2973 535 3052 pecuniae
549 2980 580 3035 et
594 2972 862 3035 commutationem
878 2971 1014 3050 ejusdcm
1030 2972 1061 3034 in
1078 2970 1173 3042 aliud,
1191 2971 1242 3032 vix

151 3070 337 3152 intelligitur
359 3088 367 3133 :
393 3087 542 3150 quaenam
563 3071 623 3134 alia
648 3071 793 3150 pecuniae
814 3071 1006 3150 consumptio
1028 3071 1095 3134 heic
1114 3069 1240 3150 cogitari

148 3177 258 3250 posset
272 3170 332 3232 nisi
348 3171 544 3234 commutatio
564 3171 595 3231 in
618 3185 667 3232 166
688 3170 931 3250 aequivalentes?
946 3173 981 3247 lt)
996 3171 1058 3233 Nec
1077 3169 1239 3234 dicendum

151 3269 431 3348 consumptionem,
449 3285 508 3349 qua
529 3269 659 3349 pecunia
679 3269 793 3331 sterilis
815 3269 866 3343 sit,
883 3284 949 3330 esse
971 3268 1241 3332 commutationem

144 3368 188 3430 in
203 3383 253 3431 res
266 3367 305 3431 ad
329 3368 423 3430 vitam
444 3361 656 3431 necessarias:
675 3369 717 3431 ita
738 3368 820 3430 enim
840 3375 936 3431 totum
958 3375 1088 3446 systema
1109 3367 1240 3431 auctoris

143 3629 218 3671 ‘narn
230 3614 376 3670 materialis
388 3616 582 3681 permanentia,
594 3615 671 3681 juxta
686 3615 800 3671 eandem
818 3616 962 3682 theoriam,
975 3616 1009 3672 ad
1022 3616 1168 3686 essentiam
1178 3628 1239 3680 pro·

146 3695 259 3752 1161111
276 3696 400 3762 capitalis
418 3710 473 3751 non
491 3698 610 3762 pertinet
627 3697 671 3761 (cl.
690 3696 847 3762 exemplum
862 3698 997 3753 malorum
1013 3712 1040 3763 p.
1054 3696 1112 3759 ll3,
1125 3695 1168 3752 vel
1185 3694 1240 3751 iru-

155 3779 240 3834 nenti
257 3793 285 3845 p.
298 3779 356 3843 lll,
369 3791 440 3844 quae
455 3792 520 3834 sane
532 3779 559 3836 in
572 3793 669 3835 senon
685 3783 856 3846 permanent;
870 3808 904 3818 -
915 3785 943 3836 61
954 3784 1065 3836 econtra
1076 3779 1136 3843 alia,
1150 3793 1176 3844 p.
1191 3776 1239 3833 113

153 3859 266 3926 61191,
286 3861 403 3928 quaein
422 3863 648 3928 sepermanentl.
668 3861 783 3927 Quodsi,
805 3877 832 3928 p.
853 3857 912 3927 115,
933 3862 1101 3918 contrarium
1118 3873 1240 3917 asserere

154 3943 288 4008 videatur,
305 3942 348 3998 vel
366 3946 408 3999 est
425 3943 667 4000 contradictorium
681 3945 745 4000 lruic
764 3944 887 4001 theoriae
908 3944 1135 4011 productivitatls,
1156 3947 1240 4010 prout

150 4025 261 4092 abipso
273 4026 395 4092 ponitur,
408 4025 450 4082 vel
468 4027 504 4082 ita
520 4027 712 4092 explicandum
727 4031 778 4091 est,
792 4029 824 4084 ul
836 4041 891 4084 non
902 4030 998 4094 agatur
1009 4027 1044 4084 de
1055 4025 1241 4093 permanentia

148 4109 195 4166 nei
207 4109 350 4166 materiali.

186 4194 221 4256 (1)
237 4192 275 4250 Cl.
287 4195 334 4259 it,
347 4207 375 4259 p.
388 4192 447 4248 115.

187 4275 222 4340 (1)
238 4276 426 4332 1111116111
438 4275 497 4342 ipse
508 4278 604 4333 auctor
615 4275 725 4342 passim.
