3242 4959
356 392 421 436 car.
439 391 460 435 1.
485 389 630 436 rnrucrrm
643 390 790 436 sorsurmn
806 389 1009 436 oeconomicus.
1167 370 1225 436 131

121 557 242 634 refert,
259 574 295 623 ac
316 564 433 621 tantum
455 556 531 638 poni
549 563 647 636 potest
669 562 774 620 contra
794 571 847 618 eos
872 554 925 635 qui
947 553 1064 618 nullam
1084 554 1227 618 virtutem

121 656 327 737 producendi
340 655 438 718 labori
449 663 659 736 agnoscerent.
669 654 798 718 llultum
808 661 931 718 econtra
940 653 1063 715 interest
1074 663 1228 716 auctorem

133 755 169 818 in
186 754 388 835 productione
399 754 513 817 valoris
525 755 746 817 incrementum
757 752 923 824 adstruere,
937 759 967 816 et
982 751 1105 832 quidem
1120 768 1227 814 cansa-

121 862 217 930 11111,
229 854 339 917 saltem
351 854 532 935 partialiter,
542 870 597 934 per
607 854 748 934 capitale.
760 856 863 932 ltaque
874 854 971 934 ipsius
979 853 1062 916 notio
1074 853 1112 917 ad
1124 863 1228 916 notam

122 952 400 1016 vfundamentalem
421 952 520 1015 redire
541 951 660 1015 videtur
683 952 823 1032 capitalis
844 951 994 1026 moderni,
1011 952 1072 1015 imo
1087 951 1227 1031 aequiva-

133 1051 237 1115 lenter
251 1051 290 1114 ad
305 1052 454 1115 theoriam
469 1051 631 1114 classicam
647 1051 679 1113 in
692 1050 818 1128 formali
836 1050 1067 1131 productiritate
1088 1049 1227 1130 capitalis

131 1150 244 1213 nixam
260 1153 307 1226 (1),
324 1167 359 1213 00
380 1150 425 1212 vel
447 1151 546 1230 magis
568 1150 660 1230 quod,
677 1166 765 1213 secus
785 1165 821 1213 ac
835 1150 951 1212 theoria
968 1150 1053 1218 haec.
1071 1158 1222 1225 naturam,

132 1267 217 1330 quae
246 1266 319 1313 sane
347 1248 508 1313 formalem
536 1249 723 1330 producendi
754 1248 893 1312 virtutem
914 1248 1062 1329 possidet,
1087 1264 1228 1329 expresse

131 1350 263 1430 capitali
280 1358 443 1429 supponat.

179 1447 269 1521 Quod
289 1447 540 1510 animadvertisse
562 1447 630 1509 heic
651 1447 804 1510 sufficiat:
824 1446 958 1509 nondum
974 1445 1056 1508 enim
1076 1445 1162 1510 loeus
1182 1453 1229 1508 est

131 1546 259 1626 aperire
284 1545 358 1625 quid
384 1545 421 1608 de
446 1546 504 1609 liae
525 1545 659 1625 generali
680 1545 804 1608 notione
825 1545 965 1624 capitalis
988 1544 1155 1606 sentiamus
1179 1547 1224 1621 (a).

134 1647 265 1720 Verum,
296 1645 353 1708 hac
377 1644 500 1707 notione
521 1644 621 1724 posita
645 1651 674 1707 et
702 1644 818 1725 passim
841 1651 1043 1723 propugnata,
1066 1643 1227 1724 pecuniam

124 1743 248 1806 ¹statuit
261 1743 294 1804 in
309 1743 501 1823 oppositione
516 1742 554 1805 ad
570 1743 656 1806 illam
670 1742 837 1807 essentiali.

180 1843 277 1904 Totus
291 1856 401 1920 nempe
417 1840 449 1902 in
463 1856 500 1902 eo
514 1853 652 1902 versatur
663 1848 695 1902 ut
710 1840 818 1920 probet
831 1862 845 1896 u
860 1839 970 1918 dogma
979 1839 1056 1918 jnris
1068 1839 1225 1915 naturalis,

125 1939 238 2003 -divini
263 1947 293 2002 et
318 1939 546 2002 ecclesiastici»
576 1941 611 2015 (a)
633 1939 671 2001 de
697 1948 801 2001 mutuo
827 1953 881 2018 per
907 1954 939 2001 se
964 1939 1107 2018 gratuito,
1136 1949 1166 2001 et
1190 1939 1229 2003 01)

124 2039 248 2102 *titulos
262 2047 380 2102 tantum
396 2039 581 2102 extrinsecos
596 2053 735 2101 oneroso.
753 2039 858 2118 Atqui,
875 2038 1010 2101 medium
1026 2038 1064 2100 ad
1079 2039 1138 2102 hoc
1156 2055 1229 2102 con-

137 2138 326 2202 firmandum
338 2138 397 2201 sibi
411 2137 529 2200 videtur
544 2138 709 2213 invenisse,
727 2137 857 2217 eoquod
872 2137 1012 2217 pecunia,
1028 2154 1083 2217 per
1094 2155 1126 2200 se
1140 2139 1228 2202 steri·

138 2238 190 2313 lis,
215 2238 339 2300 nonnisi
365 2247 538 2300 contractus
564 2237 673 2308 mutui,
697 2253 752 2317 per
771 2253 804 2299 se
829 2233 1054 2316 improductivi.
1078 2238 1229 2315 objectum

126 2353 208 2400 esse
222 2336 320 2414 possit
336 2337 466 2413 (contrat
482 2335 519 2398 de
541 2337 628 2416 pret),
645 2335 718 2398 dum
738 2335 879 2415 capitale,
897 2350 951 2415 per
973 2350 1004 2397 se
1028 2335 1228 2414 productibile

126 2445 168 2498 et
190 2434 295 2499 labore
314 2433 485 2497 formaliter
503 2434 725 2513 productivum,
743 2433 852 2512 subjici
876 2433 973 2513 possit
994 2435 1160 2497 contractui
1177 2451 1230 2514 per

139 2551 172 2596 se
195 2549 336 2608 oneroso,
354 2548 443 2612 quem
467 2550 588 2596 «risum
613 2533 817 2613 capitalium»
838 2542 922 2596 vocat
941 2531 1064 2613 (emploi
1086 2533 1123 2596 de
1145 2535 1228 2614 capi·

139 2635 234 2709 taur).
253 2631 339 2696 Unde
354 2631 510 2695 adstruere
525 2632 645 2711 cogitur
659 2666 700 2675 -
714 2641 744 2694 et
759 2631 883 2712 quidem
905 2640 1001 2694 totum
1022 2632 1142 2712 pondus
1163 2649 1229 2712 sys-

140 2731 263 2794 tematis
277 2731 310 2794 in
325 2732 382 2794 lroc
397 2741 509 2812 puncto
525 2731 633 2793 nititur
649 2731 865 2811 —pecuniam
880 2741 913 2792 ut
928 2730 1001 2808 quid
1016 2731 1228 2810 improductiri

141 2838 226 2892 extra
252 2831 381 2910 capitale
406 2847 472 2894 esse
502 2830 686 2910 ponendam.
713 2831 801 2892 «Les
827 2829 904 2892 deux
928 2828 1012 2892 idees
1037 2831 1175 2908 (pecunia
1200 2839 1229 2893 et

130 2927 282 3007 capitale)
298 2940 367 2992 sont
382 2928 530 3009 opposdes
546 2928 624 2991 l'une
639 2927 656 2990 a
672 2928 778 2991 l’autre
793 2943 911 2990 comme
927 2927 971 2990 les
991 2927 1068 2990 deux
1089 2927 1172 2992 iddes
1192 2929 1228 2992 de

142 3027 270 3090 sterilitd
286 3029 367 3092 etde
387 3029 522 3105 fertilitd,
539 3047 585 3100 ou.
600 3029 645 3092 les
663 3028 747 3092 idees
767 3029 868 3092 moins
889 3027 1033 3108 exposdes
1054 3027 1071 3091 a
1091 3030 1152 3092 dtre
1167 3031 1228 3094 mal

142 3125 340 3206 interpretees
355 3128 392 3191 de
407 3129 650 3192 consummatior
669 3136 699 3191 et
712 3128 836 3209 d’usage
851 3150 864 3185 i
883 3130 929 3206 (4).
947 3129 984 3190 Et
999 3127 1072 3191 alibi
1091 3147 1098 3192 :
1118 3152 1132 3186 (
1146 3131 1230 3195 Nous

133 3241 239 3289 avons
259 3224 277 3287 1
301 3224 377 3289 faire
402 3226 441 3290 ici
467 3243 539 3290 avec
562 3225 640 3289 deux
659 3227 819 3318 entremes.
837 3228 902 3291 Une
924 3226 1069 3291 tendance
1091 3229 1230 3294 voudrait

175 3468 211 3532 (1)
228 3467 265 3524 cl.
279 3483 304 3523 v.
318 3483 355 3533 g..
370 3483 396 3534 p.
410 3465 468 3533 tto,
481 3466 530 3523 189
542 3482 564 3522 s.
580 3486 616 3523 τι(
626 3467 744 3525 l’interdt
755 3468 823 3524 dans
839 3468 864 3524 le
880 3468 978 3534 capital
990 3471 1031 3525 est
1043 3485 1078 3522 on
1090 3470 1158 3534 fruit
1170 3471 1226 3537 oui,

136 3565 192 3616 ‘par
203 3551 230 3606 le
241 3550 346 3612 travail,
357 3557 415 3603 sort
425 3553 643 3616 orpom‘ouement
654 3553 690 3603 do
700 3553 799 3616 capitol
811 3553 957 3606 loimdme.
966 3567 982 3597 »

175 3635 210 3698 (1)
227 3634 405 3690 solummodo
425 3633 486 3689 heio
506 3637 617 3690 notetur
636 3636 785 3699 auctorem,
806 3635 900 3689 nostra
920 3633 1064 3699 sententia,
1086 3647 1228 3700 perperam

144 3717 285 3772 notionem
307 3715 445 3783 capitalis,
469 3719 555 3782 quood
585 3719 764 3781 quaestionem
786 3717 908 3782 dejesta
932 3719 1068 3781 auctario,
1099 3717 1228 3781 primario

144 3811 248 3862 ponere
267 3797 297 3852 in
316 3800 393 3864 parte
412 3797 459 3852 illa
479 3798 607 3854 scientiae
630 3798 815 3854 oeoonomlcae
837 3811 907 3865 uuae
932 3797 987 3864 agit
1007 3796 1041 3852 de
1059 3800 1229 3863 praelucanae

142 3877 318 3944 divitiarum
329 3892 471 3934 censemus
484 3882 586 3944 autem,
595 3879 670 3946 quod
682 3882 776 3946 postea
787 3878 1003 3943 confirmabitur,
1014 3892 1072 3934 rem
1084 3880 1230 3948 praecipuo

137 3960 172 4014 ct
183 3957 288 4015 directe
299 3961 435 4025 respicere
446 3959 547 4016 valoris
557 3961 778 4016 destillationem.

168 4043 212 4106 ¹(ll)
228 4041 325 4109 0111,
338 4059 366 4110 p.
379 4043 496 4100 tat-tol.

177 4127 212 4192 (1)
229 4127 267 4185 Cf.
279 4129 325 4195 (1.,
338 4144 366 4197 p.
379 4127 437 4186 tto.
