3242 4959
465 481 529 526 car.
548 481 580 527 u.
597 481 636 526 ue
651 479 815 528 convniam
829 481 956 528 casnm.
1191 463 1257 530 aba

151 642 265 723 agitur
279 641 317 706 dc
336 649 472 721 tempore
486 648 635 721 quatenus
657 642 796 722 quemvis
818 643 894 706 lucri
918 643 1042 706 titulum
1061 643 1177 707 credito
1198 660 1252 706 aa·

153 740 331 803 lamecum
357 738 525 803 includeret
547 747 578 803 et
601 755 706 804 secum
727 747 862 820 portaret
888 759 896 805 ε
924 741 1017 821 quod,
1044 740 1084 804 ab
1109 741 1252 806 omnibus

151 853 354 909 conoessum,
376 845 480 902 contra
502 839 651 902 tbeoriam
672 839 803 920 positam
829 839 906 902 nihil
934 840 1063 904 elllceret
1076 841 1122 918 (r).
1140 840 1254 903 Verum

151 938 319 1018 quaeritur
334 937 371 1000 de
386 946 521 1018 tempore
534 954 596 1018 qua
613 937 680 1013 toli,
696 946 799 1002 utrum
821 953 932 1019 nempe
953 955 988 1002 eo
1012 940 1079 1020 ipso
1100 937 1182 1019 qnod
1202 947 1253 1002 res

150 1037 287 1116 quaevis
316 1035 354 1099 ad
384 1044 504 1117 tempus
531 1036 683 1112 credatur,
711 1037 805 1100 valori
833 1038 875 1100 rei
902 1038 1111 1102 commutabili
1134 1037 1251 1118 justum

150 1135 285 1200 accedat
304 1136 483 1199 auctarium.
502 1135 533 1200 Sl
557 1136 599 1199 ita
613 1145 704 1212 esset,
720 1153 790 1200 cum
814 1137 959 1217 temporis
980 1138 1164 1201 elementum
1184 1153 1249 1201 cre·

148 1233 224 1297 dito
240 1233 315 1296 inslt
329 1233 543 1308 essentialiter,
564 1234 694 1297 «omnis
708 1250 800 1296 usura
818 1249 854 1297 eo
874 1233 963 1298 titulo
982 1235 1142 1312 justificari
1165 1243 1251 1314 poto·

148 1334 238 1396 rit...
257 1341 286 1395 et
305 1327 497 1396 reduceretur
518 1348 579 1397 uno
603 1333 693 1396 verbo
715 1340 777 1396 tota
799 1334 1002 1397 controversia
1029 1334 1066 1398 de
1088 1334 1191 1397 usuris
1210 1332 1249 1398 ad

150 1431 370 1512 quaestionem
395 1429 433 1494 de
459 1431 614 1493 nomine»
642 1433 689 1508 (a).
717 1431 803 1505 Quod
832 1440 973 1495 notamus
999 1439 1033 1494 ut
1059 1439 1251 1496 momentum

148 1531 251 1610 buius
265 1530 453 1610 quaestionis
464 1529 684 1604 manifestetur,
698 1539 727 1594 et
738 1531 914 1595 nuliatenus
924 1541 958 1595 ut
970 1532 1061 1595 tinem
1077 1531 1248 1596 indicemus

149 1645 171 1692 a
188 1629 287 1708 priori
303 1635 447 1691 statutunr
468 1643 527 1708 quo
551 1627 673 1692 tendere
695 1627 860 1692 debeamus
881 1630 1088 1710 motivumque
1108 1629 1248 1710 responsi

149 1728 195 1790 ad
219 1726 291 1789 illas
311 1725 504 1789 difficultates
525 1727 690 1806 quaerendi
707 1729 753 1804 (a).
777 1726 967 1791 intendimus
990 1728 1084 1804 enirn,
1108 1734 1168 1792 tota
1193 1727 1251 1790 bac

149 1825 383 1898 dissertatione,
412 1826 539 1906 positive
569 1827 723 1907 inquirere
751 1843 902 1907 quaenam
931 1827 972 1890 sit
996 1827 1109 1905 iniusta
1133 1843 1245 1903 usura;

149 1925 299 2005 ideoque,
327 1927 404 1989 sicut
430 1926 468 1989 ab
494 1925 582 1989 initio
606 1927 682 1988 nibil
709 1927 994 2006 praejudicavimus.
1019 1928 1061 1991 ita
1087 1944 1179 2003 nunc,
1208 1927 1250 1992 ab

150 2024 242 2088 omni
258 2024 407 2086 sententia
422 2023 642 2096 abstrahentes,
657 2040 718 2087 non
731 2024 975 2104 praejudicamus
988 2026 1048 2088 nisi
1064 2042 1142 2105 quae
1157 2025 1248 2090 nobis

147 2123 219 2202 jam
236 2123 363 2203 probata
377 2122 527 2186 videntur.

198 2222 316 2296 Quibus
332 2223 528 2302 praenotatis,
543 2221 617 2285 olim
633 2223 773 2286 nonnulli
786 2240 822 2286 ex
835 2223 1003 2286 scolasticis
1014 2223 1247 2302 posterioribus,

149 2320 261 2400 magni
277 2319 367 2382 eliam
384 2319 519 2383 nominis
534 2322 580 2397 (4),
599 2320 707 2383 saltem
729 2321 891 2384 theoretice
913 2329 947 2383 ut
967 2320 1124 2400 probabile
1146 2319 1246 2383 admi-

186 2566 223 2628 (ll
240 2564 304 2620 ldoo
322 2568 398 2620 extra
416 2563 602 2631 quaestionem
623 2569 748 2622 versatur
766 2567 900 2622 sententia
919 2579 989 2632 quae
1007 2566 1082 2621 tenet
1101 2564 1128 2619 in
1146 2567 1246 2622 mutuo

149 2663 205 2714 per
216 2649 324 2713 wopam
333 2653 445 2712 tempas,
455 2663 482 2702 v.
492 2662 519 2714 g.
530 2662 579 2715 per
590 2652 647 2705 tres
658 2649 700 2704 vel
712 2652 832 2716 quatuor
840 2663 935 2708 annos.
946 2646 1048 2714 aliquid
1061 2647 1132 2703 ultra
1140 2651 1244 2702 sortem

150 2741 238 2795 posse
248 2729 342 2794 recipi,
355 2743 444 2784 «curn
461 2729 497 2785 sit
515 2729 655 2785 moraliter
671 2730 850 2795 impossibile,
860 2729 935 2796 quod
945 2727 1120 2794 permultum
1134 2732 1245 2794 tempus

149 2809 324 2878 expectando
347 2816 475 2866 mutuans
498 2825 554 2867 non
577 2813 695 2878 patiatur
717 2811 827 2878 aliquod
852 2811 1014 2876 periculum,
1036 2809 1175 2873 damnum,
1198 2809 1242 2866 vel

149 2893 370 2959 incommodum,
383 2897 430 2948 aut
441 2894 537 2950 saltem
550 2908 604 2950 non
618 2893 773 2960 inpediatur
791 2894 825 2948 ab
843 2892 997 2951 exercendo
1014 2892 1134 2959 aliquem
1150 2897 1243 2948 actum

149 2976 335 3039 liberalitatis,
344 2981 392 3033 aut
403 2977 517 3032 alterius
528 2977 649 3033 decentis
658 2977 848 3041 operationis»
857 2978 894 3040 (S.
905 2979 1107 3032 dmaousosun
1116 2977 1240 3041 broonro,

154 3062 301 3127 Theolopio
318 3062 440 3123 moralis,
461 3059 488 3116 b.
501 3061 543 3123 lll,
557 3063 634 3116 tract.
648 3060 679 3119 V.
692 3074 716 3115 c.
729 3059 754 3123 3,
769 3060 876 3122 nidd).
894 3061 924 3115 ln
943 3060 993 3116 bac
1011 3060 1090 3115 tertia
1107 3059 1242 3117 sententia

149 3158 236 3212 quam
255 3142 380 3198 laudatus
397 3142 494 3198 doctor
510 3143 663 3209 approbans
681 3142 768 3207 allent,
789 3143 891 3200 videsis
910 3143 1067 3209 exemplum
1085 3155 1241 3208 praesump-

149 3229 233 3280 tionis
244 3226 389 3282 titulorum
407 3225 634 3289 extrinsecorum,
653 3239 724 3292 quae
742 3226 937 3292 praesumptio,
951 3229 983 3281 ut
1000 3224 1065 3280 alibi
1083 3223 1238 3281 notavimus

149 3307 197 3370 (ol.
211 3323 238 3374 p.
252 3307 304 3372 19),
317 3321 332 3361 a
344 3307 483 3373 plerisque
503 3307 639 3372 theologis
651 3322 673 3363 a.
688 3309 765 3363 llVlll
782 3311 810 3363 et
828 3308 1014 3363 nominatima
1027 3307 1172 3363 Benedicto
1184 3307 1241 3362 XIV

149 3403 210 3445 uon
229 3389 405 3456 probabatur.
419 3388 522 3444 lbidem
538 3389 565 3444 S.
579 3388 734 3454 alphonsus
752 3389 834 3445 etiam
851 3388 930 3446 atierl
946 3389 1059 3446 alteram
1076 3390 1240 3445 sententiam

149 3485 223 3538 quae
234 3471 332 3528 nititur
343 3470 446 3527 directe
459 3471 488 3526 in
499 3471 557 3537 ipsa
568 3471 735 3538 obligatione
747 3490 761 3520 n
773 3485 829 3526 uon
846 3471 984 3538 repetendi
1001 3470 1159 3535 suumnisi
1177 3472 1241 3535 post

147 3553 315 3610 diuturnum
332 3557 450 3618 tempus.
463 3554 495 3609 Et
515 3554 581 3610 baec
601 3555 744 3620 sententia,
757 3555 804 3617 ait,
817 3567 882 3610 vere
894 3569 950 3609 non
961 3553 1070 3609 videtur
1081 3567 1131 3609 sua
1143 3545 1240 3619 pmba·

148 3635 258 3692 bilitate
276 3650 404 3693 carere.»
423 3636 491 3701 Quid
510 3639 601 3692 autem
619 3636 654 3692 de
665 3628 722 3694 ¹bac
739 3636 887 3692 dicendum
904 3636 1037 3698 videatur,
1050 3650 1084 3692 ex
1103 3634 1238 3703 praesenti

149 3715 281 3778 decumas
292 3718 417 3774 articulo.

152 3831 154 3848 ι
184 3803 220 3865 (bl
237 3803 275 3856 lta
287 3816 321 3857 nu
333 3803 418 3866 Luco,
432 3815 473 3865 op.
487 3815 521 3864 c,
534 3800 561 3857 d.
576 3801 652 3865 llllll,
666 3800 737 3875 n.ll
751 3801 779 3856 et
789 3802 831 3855 ll.

184 3885 219 3948 (3)
236 3883 300 3940 Ideo
317 3884 446 3939 nolumus
463 3881 555 3938 dicere
566 3895 630 3939 oum
641 3897 676 3937 na
689 3882 763 3938 buco
777 3885 834 3946 (ila,
847 3896 874 3937 n.
891 3884 930 3944 ll)
944 3901 950 3938 :
964 3884 1015 3938 «et
1026 3881 1094 3937 mibi
1105 3886 1180 3938 certe
1191 3880 1239 3936 lal-

151 3967 260 4023 sissima
271 3965 381 4022 videtur
397 3965 442 4021 illa
454 3965 601 4029 sementim
620 3968 691 4031 poio,
705 3964 728 4040 si
746 3978 777 4020 ca
794 3978 858 4020 vera
876 3967 958 4028 esset,
970 3963 1064 4020 nullus
1081 3967 1239 4020 contractus

151 4051 224 4104 esset
236 4047 324 4113 reipsa
338 4048 490 4112 usurarius,
503 4045 551 4102 sed
564 4047 654 4102 solum
667 4059 716 4112 per
727 4044 861 4101 accidens.
875 4061 891 4092 »

185 4125 219 4186 (dr
237 4130 285 4193 lla,
304 4144 330 4183 v.
349 4143 387 4194 g..
406 4130 525 4185 lonuuus
542 4128 658 4192 blamnn,
679 4141 702 4183 c.
721 4131 754 4181 dc
774 4130 949 4191 restitutione,
968 4142 995 4194 q.
1017 4128 1118 4194 llllllll,
1136 4129 1150 4191 l
1169 4129 1238 4182 Inde

149 4210 285 4276 insertum
296 4210 402 4266 Pennus
414 4207 548 4275 lonssur,
561 4211 682 4274 mammo,
696 4210 724 4265 P.
737 4210 768 4273 ll,
780 4212 816 4264 tr.
826 4209 890 4274 lllll,
901 4223 925 4271 c.
936 4209 977 4274 35,
987 4210 1076 4266 ooucl.
1085 4209 1116 4276 43
1129 4210 1239 4267 dmum-
