3242 4959
415 465 476 534 lid
786 481 994 528 nausearum.
1012 481 1091 530 secr.
1108 481 1130 525 r.

413 664 483 730 pem
512 664 574 710 non
603 644 758 709 intendere
788 645 859 708 illos
888 661 1030 708 nummos
1059 655 1161 708 taxare
1186 643 1354 708 secundum
1380 659 1503 707 omnem

413 747 576 821 rationem;
608 754 638 808 et
665 744 703 808 ad
733 759 855 808 omnem
883 760 986 820 usum,
1016 760 1107 822 ouem
1136 744 1248 827 babere
1273 750 1416 824 possunr;
1448 743 1504 806 sed

412 846 523 917 solum,
540 852 574 907 ut
595 852 667 907 sunt
687 858 831 906 mensura
853 857 954 905 rerum
975 842 1140 910 venalium,
1158 849 1188 906 et
1206 842 1369 906 solutionis
1384 841 1503 906 debito-

412 961 491 1009 rum.
520 943 688 1024 Dupliciter
716 942 798 1004 enim
829 941 946 1004 nummi
976 941 1161 1004 considerari
1192 949 1355 1022 possunt:
1387 940 1502 1019 primo.

411 1043 580 1107 formaliter
594 1050 628 1103 ut
644 1040 762 1103 nummi
777 1057 831 1102 scu
846 1048 965 1102 utsunt
980 1054 1122 1101 mensura
1138 1054 1239 1101 rerum
1253 1039 1424 1114 renalium;
1448 1039 1502 1118 qui

411 1151 457 1205 est
475 1158 550 1204 usus
571 1155 675 1203 earum
699 1139 901 1218 primarias...
920 1137 1070 1210 Secundo,
1088 1137 1296 1210 materialiter,
1314 1153 1367 1199 seu
1384 1137 1503 1199 ratione

411 1242 632 1314 conditionum,
660 1256 738 1318 quas
762 1239 876 1302 habent
900 1255 936 1300 er
963 1237 1088 1300 materia
1114 1237 1169 1299 vel
1188 1238 1299 1317 ligura;
1324 1245 1357 1300 ut
1385 1235 1504 1302 ratione

410 1340 552 1421 puritatis
573 1339 618 1402 vel
643 1338 747 1416 copiae
770 1337 926 1408 materiae,
943 1336 988 1398 vel
1006 1336 1151 1408 raritatis,
1168 1335 1214 1398 rel
1232 1334 1437 1415 antiquitatis,
1456 1335 1502 1400 vel

410 1437 637 1502 commoditatis
722 1435 895 1499 Secrrndum
907 1435 987 1497 hanc
1000 1435 1145 1497 rationem
1160 1433 1273 1497 babent
1287 1449 1376 1496 usum
1394 1449 1503 1496 secun-

411 1539 543 1611 darium,
560 1547 589 1599 et
605 1537 682 1599 dunt
700 1552 749 1598 res
764 1533 934 1598 vendibiles
953 1541 982 1596 et
1001 1533 1219 1613 permutabiles
1239 1549 1308 1596 cum
1323 1533 1394 1595 aliis
1409 1549 1502 1596 num-

354 1676 356 1679 ·
410 1638 481 1707 mis,
499 1653 555 1699 nec
570 1643 640 1700 sunt
655 1635 747 1698 taxati
764 1635 857 1714 lege»
875 1636 883 1700 l
888 1635 922 1708 1).
1024 1707 1027 1713 ,

451 1735 584 1798 Tandem
609 1734 641 1796 in
664 1732 745 1795 idem
767 1733 908 1795 conuenit
931 1733 1022 1795 Cano.
1046 1751 1083 1794 uu
1111 1733 1191 1796 leuco
1217 1749 1223 1793 :
1254 1730 1502 1795 «advertendum

410 1833 564 1912 imprimis
582 1841 638 1902 est,
656 1832 687 1892 in
711 1830 848 1910 qualibet
869 1839 990 1892 moneta
1011 1829 1164 1910 duplicem
1187 1831 1319 1893 valorem
1339 1829 1385 1892 vel
1408 1831 1501 1893 aesti-

411 1931 577 1994 mationem
596 1930 783 1994 considerari
799 1946 888 2009 posse
905 1955 912 1990 :
930 1931 1048 2010 primus
1063 1940 1109 1992 est
1123 1928 1209 1993 valor
1224 1929 1343 2008 legalis,
1360 1929 1415 2008 qui
1437 1930 1502 2009 lege

411 2029 562 2110 principis
578 2044 647 2093 cum
670 2028 736 2106 eius
757 2028 859 2108 sigillo
882 2029 1049 2107 imponitur
1067 2045 1074 2090 :
1092 2027 1168 2090 alter
1187 2037 1232 2090 est
1251 2028 1335 2090 valor
1350 2028 1503 2090 naturalis

412 2128 594 2208 proveniens
618 2143 654 2189 ex
674 2126 808 2190 bonitate
823 2125 950 2198 metalli,
968 2127 1013 2188 vel
1031 2125 1185 2199 materiae,
1204 2142 1239 2188 cx
1255 2125 1448 2203 antiquitate,
1467 2143 1502 2188 ex

410 2226 540 2289 utilitate
555 2225 664 2303 maiori
686 2224 726 2287 ad
745 2225 927 2287 commercia
947 2224 1092 2297 humana,
1110 2240 1146 2286 cx
1162 2223 1374 2286 commoditate
1391 2223 1500 2302 majori

410 2325 449 2387 ad
463 2341 549 2398 usus,
567 2341 603 2387 er
619 2324 726 2402 majori
742 2322 887 2386 facilitate
908 2338 967 2402 qua
986 2322 1066 2401 apud
1083 2329 1201 2385 exteros
1216 2331 1401 2402 acceptatur,
1420 2332 1451 2386 et
1466 2339 1501 2386 ex

410 2425 480 2486 aliis
495 2423 647 2502 capitibus
669 2432 792 2502 propter
812 2438 890 2500 quae
911 2423 988 2485 solet
1009 2438 1101 2500 supra
1124 2421 1252 2501 legalem
1274 2422 1408 2486 valorem
1430 2423 1501 2502 plus

410 2522 474 2586 dari
491 2537 546 2601 pro
562 2521 615 2583 tali
631 2529 779 2584 monela»
797 2522 845 2597 lo).
1276 2519 1279 2528 '

450 2621 533 2683 Talis
559 2631 605 2682 est
630 2628 795 2700 conceptus
821 2619 966 2698 pecuniae
992 2619 1030 2681 ab
1056 2619 1132 2697 ipsis
1157 2619 1276 2697 positus
1301 2626 1334 2680 ul.
1355 2619 1500 2684 omnibus

408 2720 554 2800 probatus
571 2737 579 2781 :
597 2720 709 2782 etenim
723 2719 872 2797 ¹quamvis
894 2719 992 2797 quoad
1014 2719 1085 2793 alia,
1103 2736 1131 2781 v.
1149 2736 1179 2798 g.
1198 2718 1298 2797 quoad
1319 2719 1500 2784 relationem

408 2822 487 2884 inter
503 2822 636 2884 valorem
652 2821 798 2900 pecuniae
816 2819 944 2900 legalem
956 2831 983 2881 el
996 2819 1164 2881 naturalem
1180 2819 1223 2880 rei
1240 2819 1497 2895 aestimationem,

409 2929 439 2984 et
453 2920 553 3000 quoad
569 2919 705 2997 ejusdem
728 2919 861 2982 notionis
883 2919 1117 2998 applicationem
1140 2917 1177 2979 ad
1204 2917 1353 2996 quasdam
1369 2934 1499 2980 consue-

409 3019 541 3092 tudines,
559 3019 797 3081 controuersiam
819 3027 920 3098 agant,
939 3026 968 3079 at
983 3024 1163 3096 conceptum
1179 3017 1279 3095 ipsum
1296 3017 1500 3079 communiter

410 3119 531 3180 firmum
547 3118 670 3180 habeut.
688 3117 720 3179 Si
736 3133 807 3196 ergo
824 3117 856 3178 in
871 3125 1018 3194 conceptu
1033 3131 1102 3178 cum
1118 3115 1149 3177 S.
1167 3115 1282 3177 Thema
1301 3115 1497 3188 conveniunt,

409 3214 561 3294 quomodo
583 3215 671 3276 illum
695 3214 900 3276 contractibus
922 3219 1095 3293 supponant
1116 3212 1277 3276 dicendum
1302 3222 1415 3276 manet.
1437 3214 1498 3276 lm-

408 3312 518 3393 primis
533 3328 602 3375 cum
618 3312 655 3375 de
675 3319 832 3374 contractu
854 3311 956 3372 motui
975 3311 1085 3391 agitur,
1106 3311 1206 3390 agitur
1228 3311 1265 3374 de
1287 3311 1416 3391 pecunia
1439 3327 1498 3390 qua

408 3413 462 3475 tali
477 3429 530 3474 seu
546 3413 583 3475 de
598 3429 656 3474 usu
671 3412 769 3492 ipsius
784 3411 930 3491 primario
946 3412 981 3487 (3)
996 3428 1003 3472 :
1021 3411 1047 3472 si
1063 3411 1144 3474 enim
1160 3418 1300 3490 ageretur
1315 3410 1351 3474 de
1367 3411 1498 3491 pecunia

407 3523 441 3577 ut
461 3529 562 3575 merce
583 3529 636 3576 seu
658 3511 695 3574 de
716 3529 774 3574 usu
794 3511 893 3592 ipsius
915 3511 1094 3590 improprio,
1119 3518 1259 3591 ageretur
1280 3511 1317 3574 de
1341 3519 1498 3574 contractu

405 3611 546 3676 cambii:
571 3611 603 3672 in
625 3626 685 3690 quo
709 3609 885 3684 asserendo,
906 3609 1016 3670 iterum
1036 3609 1183 3689 angelico
1206 3608 1411 3672 consentiunt.
1435 3609 1498 3672 Nec

406 3710 474 3774 ideo
494 3720 606 3773 tamen
620 3717 770 3772 assertum
790 3706 1049 3771 intervertendum
1071 3717 1160 3781 esset,
1180 3705 1308 3770 diceudo
1326 3723 1334 3768 ε
1352 3707 1377 3768 si
1399 3707 1497 3786 agitur

436 3933 471 3994 (ll
489 3931 526 3988 dr.
540 3933 586 3996 tt,
601 3932 668 3988 dub.
682 3933 708 3995 i,
721 3945 749 3986 n.
763 3931 805 3986 ll.

437 4006 471 4068 (il
489 4006 527 4062 tl.
540 4007 645 4072 disput.
659 4005 770 4070 XXVIII,
785 4007 851 4062 sect.
864 4008 896 4071 li,
910 4021 937 4061 n.
951 4005 976 4060 5.

435 4079 470 4142 (3)
487 4080 524 4136 cl.
539 4080 742 4145 Cornaaurms,
761 4081 872 4134 Vortur.
891 4080 981 4143 recol„
1001 4079 1018 4134 l.
1038 4081 1081 4142 ill,
1099 4093 1123 4134 c.
1142 4081 1167 4142 l,
1181 4093 1208 4134 n.
1226 4079 1257 4143 ὃς
1276 4079 1394 4140 LESSIUS,
1407 4092 1447 4143 op.
1461 4091 1493 4138 c..

405 4152 424 4208 l.
441 4155 473 4215 ll,
490 4168 514 4209 c.
532 4155 574 4219 bo,
593 4153 660 4210 dub.
677 4155 703 4217 l,
721 4169 749 4210 a.
767 4153 801 4211 id
817 4169 852 4220 s.;
870 4169 904 4210 ou
922 4155 1007 4219 Luco,
1020 4169 1062 4218 op.
1077 4169 1112 4215 a,
1125 4153 1196 4220 disp.
1211 4154 1286 4214 XXV,
1299 4156 1365 4208 sect.
1379 4154 1410 4216 ll,
1424 4165 1451 4206 n.
1464 4151 1496 4206 lo

405 4230 434 4283 et
445 4227 486 4293 l5;
500 4232 566 4285 sect.
579 4231 624 4294 111,
638 4244 665 4284 n.
679 4230 710 4284 al
723 4243 760 4285 ss.
774 4229 832 4289 lubi
845 4231 935 4285 lamen
946 4229 1076 4285 subtilius
1088 4242 1170 4294 uuam
1182 4228 1275 4284 verius
1286 4227 1395 4293 arguit).
