3242 4959
430 454 494 499 CAP.
519 455 539 497 l.
564 452 696 498 HISTORIA
718 453 912 507 ounbsnloms.

111 616 291 681 liceitatem
318 618 494 680 universam
520 617 596 681 lucri
620 634 656 681 ex
681 616 810 697 pecunia
833 616 948 680 credita
969 616 1218 697 propugnabant,

110 716 289 796 principiis
304 717 432 780 Scholae
447 715 693 780 traditionalibus
708 731 834 795 prorsus
849 715 1070 790 valedicebant,
1089 723 1119 777 et
1133 714 1218 794 quod

111 812 199 875 olim
223 813 293 876 ndei
319 813 431 893 dogma
456 814 594 877 habitum
619 822 683 876 erat
708 813 890 892 simpliciter
912 812 975 891 iam
1001 812 1178 890 rejiciebant
1204 828 1213 875 t

110 912 277 989 negabant
302 912 385 974 enim
406 919 546 975 mutuum
568 911 714 992 pecuniae
740 927 801 991 qua
821 912 881 973 tale
907 912 1083 991 gratuitum,
1108 919 1137 973 et
1161 926 1215 990 pe·

110 1010 246 1073 cuniam
273 1027 309 1073 ex
335 1027 367 1073 se
389 1010 524 1074 sterilem
546 1027 623 1073 esse.
641 1044 681 1055 -
696 1012 838 1084 Econtra,
857 1011 909 1089 qui
929 1026 999 1073 cum
1019 1010 1165 1073 ballerini
1186 1016 1220 1072 et

111 1110 258 1173 Concina
272 1109 383 1172 thesim
399 1110 484 1173 illam
501 1117 534 1172 ut
548 1110 734 1173 haereticam
753 1109 986 1189 impugnabant,
1005 1110 1046 1172 ita
1062 1109 1099 1171 de
1117 1109 1219 1172 titulis

111 1208 303 1271 extrinsecis
330 1224 365 1271 ac
389 1207 517 1271 caeteris
543 1207 749 1270 contractibus
771 1206 939 1287 frugiferis,
963 1208 1038 1269 olim
1063 1207 1212 1286 probatis

110 1306 337 1385 loquebantur,
351 1314 385 1368 ut
396 1314 554 1385 peccatum
567 1321 676 1369 usurae
689 1306 801 1385 ubique
814 1307 937 1369 obuium
951 1316 1030 1368 esset
1039 1308 1085 1382 (a).
1096 1307 1133 1368 Et
1144 1322 1215 1385 spe·

112 1405 228 1467 olatim
258 1404 295 1467 de
325 1404 572 1483 praesumptione
604 1404 678 1467 lucri
708 1404 856 1466 cessantis
885 1403 998 1466 alicubi
1027 1403 1211 1479 universali,

112 1520 214 1583 quam
238 1504 326 1565 multi
349 1503 454 1565 eximii
476 1502 616 1565 doctores
638 1519 664 1565 e.
681 1503 749 1565 xvi
765 1512 793 1564 et
808 1503 891 1565 xvii
913 1503 977 1581 jam
999 1501 1215 1582 probaverant,

113 1602 202 1681 apud
219 1602 304 1681 ipsos
320 1618 382 1664 non
396 1610 461 1664 erat
476 1617 575 1664 sermo
590 1619 597 1664 :
613 1602 638 1663 si
654 1601 776 1663 titulum
794 1601 882 1663 illum
901 1601 1076 1674 admittunt,
1094 1600 1216 1663 lucrum

113 1701 209 1764 debet
224 1717 291 1764 esse
307 1718 438 1775 cessans,
456 1716 517 1763 nou
537 1709 655 1763 tantum
678 1700 831 1771 cessabfle,
848 1700 929 1763 uude
948 1700 1037 1763 debet
1058 1716 1124 1762 esse
1145 1699 1218 1761 sin«

112 1799 200 1879 pulis
212 1799 247 1860 io
258 1798 379 1861 casibus
391 1798 562 1877 probatum.
578 1800 659 1872 Qurae
672 1800 749 1861 mira
762 1800 950 1877 creaastiouis
960 1799 1073 1879 positio
1085 1800 1215 1862 omuino

113 1915 190 1977 prae
218 1900 316 1963 oculis
343 1900 501 1975 habeatur,
529 1918 598 1963 cum
624 1900 732 1963 exinde
759 1919 856 1980 usque
882 1901 920 1963 ad
941 1902 1041 1982 prima
1063 1902 1211 1966 decennia

114 1997 235 2060 saeculi
260 1998 332 2060 xlx
357 1998 464 2061 eadem
490 2008 605 2078 pergat,
629 2006 742 2061 etcum
762 2000 804 2061 ita
831 2000 927 2062 multa
953 2000 985 2061 in
1007 2000 1064 2063 hac
1085 2001 1216 2063 materia

114 2097 180 2161 fere
198 2098 423 2161 inextricabilia
438 2100 638 2178 explicentur.

363 2366 396 2416 c.
414 2365 461 2415 De
478 2364 652 2429 encyclica
672 2364 762 2415 xvix
778 2364 929 2427 pervenit
943 2382 966 2416 r.

157 2561 297 2635 Interim,
311 2576 380 2623 cum
392 2560 486 2622 animi
504 2560 535 2621 in
552 2560 639 2622 ltalia
650 2561 707 2623 hac
722 2562 930 2623 controversia·
942 2562 1072 2625 maxime
1087 2580 1207 2643 permo-

115 2670 269 2739 verentur,
284 2662 316 2724 in
339 2679 398 2741 qua
420 2669 483 2724 tota
501 2662 647 2741 agebatur
665 2662 726 2724 vita
746 2664 945 2734 oeconomica,
960 2664 1062 2726 eximii
1085 2681 1209 2744 quoque

117 2762 253 2828 nominis
273 2774 411 2826 auctores
434 2762 505 2825 totis
532 2762 646 2825 uiribus
670 2763 859 2842 pugnabant,
891 2780 927 2826 ac
955 2763 1078 2826 demum
1108 2765 1210 2844 ipsius

117 2865 235 2929 Summi
252 2866 420 2941 Pontificio,
443 2866 492 2929 cui
508 2866 605 2928 liaffei
627 2882 703 2944 opus
719 2881 808 2927 sunm
824 2864 1025 2937 dedicauerat,
1042 2868 1209 2931 auctoritas

117 2962 317 3043 allegabatur,
331 2964 446 3043 placuit
458 2964 620 3026 Benedicto
633 2962 702 3025 illV
715 2962 924 3041 theologorum
938 2966 973 3040 (a)
987 2965 1151 3027 concilium
1166 2965 1210 3029 de·

117 3075 147 3121 re
163 3061 332 3124 instituere.
351 3062 485 3134 Quorum
503 3061 714 3123 conclusiones
736 3062 882 3140 quinque,
905 3064 1049 3125 Summus
1065 3062 1204 3126 Pontifex

118 3160 218 3235 posuit
244 3160 276 3221 in
302 3160 461 3237 Eurydica
482 3160 541 3222 Via
563 3158 715 3239 peruenit,
743 3161 759 3219 1
786 3158 966 3223 Nouembris
982 3160 1062 3223 libb
1089 3162 1209 3225 Romae

118 3258 317 3338 promulgata,
336 3258 417 3321 etad
433 3274 539 3321 omnes
554 3258 646 3320 totius
662 3258 766 3321 ltaliae
782 3260 942 3338 episcopos
957 3260 1063 3323 missa.

158 3356 378 3419 Documentum
394 3357 452 3419 boc
466 3357 656 3435 pontificium
676 3358 842 3419 maximam
861 3373 934 3419 saue
951 3358 1089 3419 omnium
1104 3365 1201 3421 atten-

148 3620 182 3681 d)
198 3619 362 3676 Benedictus
379 3620 435 3675 XIV
453 3634 517 3675 mox
537 3621 564 3674 in
584 3620 723 3687 Encyclioa
741 3622 793 3673 Vix
813 3624 934 3686 pervenit
953 3634 1047 3677 revera
1065 3621 1174 3686 scripsit
1193 3638 1204 3675 :·

120 3702 222 3769 «alloni
235 3706 309 3759 tanta
321 3704 465 3759 seueritate
483 3703 517 3758 de
536 3704 569 3757 iis
589 3704 671 3759 rebus
688 3702 820 3769 judicant,
840 3706 872 3759 ut
889 3703 1039 3770 quamlibet
1056 3704 1205 3759 utilitatem

119 3794 150 3836 ex
161 3786 274 3849 pecunia
286 3785 459 3851 desumptam
477 3789 615 3847 accusent,
629 3788 756 3851 uuonan
777 3786 908 3848 illicitam,
921 3790 1023 3841 etcum
1039 3800 1122 3841 usura
1138 3800 1203 3839 con·

120 3861 243 3932 iunctam,
262 3870 356 3923 contra
374 3882 439 3923 uero
458 3867 584 3923 nonnulli
610 3867 784 3933 indulgentes
802 3868 879 3931 adeo,
899 3869 1061 3935 remissione
1078 3871 1151 3930 suut,
1170 3870 1202 3924 ut

121 3949 308 4017 quodcumque
319 3950 536 4005 emolumentum
548 3950 582 4005 ab
595 3962 694 4005 usurae
706 3950 880 4015 turpitudine
891 3950 1008 4006 liborum
1020 3950 1177 4006 existiment
1185 3966 1207 3997 »

121 4026 159 4085 (cf.
178 4034 230 4085 Vtar
241 4037 371 4097 peruenit,
386 4034 398 4095 5
410 4031 444 4095 8).

149 4110 182 4175 (f)
197 4116 270 4171 lnter
288 4129 358 4181 quos
377 4118 435 4170 erat
452 4115 480 4169 P.
495 4115 586 4171 Daniel
606 4114 731 4178 concina,
745 4114 773 4169 0.
788 4116 827 4178 P,
847 4116 878 4169 ut
896 4114 955 4178 ipse
972 4116 1097 4178 testatur,
1110 4128 1151 4179 op.
1165 4130 1205 4181 a,

122 4204 145 4255 b·
158 4208 193 4252 ru.
