3242 4959
339 499 404 544 CAP.
421 499 453 542 ll.
477 497 639 543 sopiendus
659 497 843 551 QUAESTIONIS
857 496 1011 543 ASPECTUS.
1179 479 1223 543 99

128 680 206 727 aevo
222 664 384 744 vigentem,
402 673 492 743 prout
506 680 630 726 normas
641 664 790 743 practicus
804 663 1042 743 praescripserat
1053 680 1224 744 poenasque

128 763 342 838 constituerat,
358 763 481 842 penitus
496 763 670 838 abolemut;
688 763 730 824 ita
751 769 784 824 ut
805 778 909 824 revera
927 762 967 824 sit
988 761 1163 835 dicendum,
1181 797 1222 808 -

129 862 215 943 quod
240 863 381 926 nonnulli
407 869 551 926 notarunt
571 864 617 939 (r),
635 897 675 907 -
688 862 738 940 ius
764 862 944 925 canonicum
971 861 1070 942 quoad
1096 878 1222 926 usuram

127 977 305 1042 regressum
321 977 388 1024 esse
402 960 439 1023 ad
455 968 567 1023 statum
582 961 735 1023 Ecclesiae
746 960 918 1040 antiquum.
936 960 1079 1036 Proinde,
1096 961 1123 1022 si
1138 960 1220 1024 dicc-

128 1067 217 1122 retur
231 1058 398 1121 hodiedum
417 1057 508 1120 etiam
530 1058 568 1120 de
587 1057 655 1135 iure
676 1058 823 1121 canonico
847 1064 946 1120 vetere
967 1074 1033 1122 esse
1055 1059 1220 1138 agendum,

128 1175 240 1222 verum
262 1165 341 1220 esset
360 1158 417 1221 suli
439 1158 497 1220 hoe
517 1156 727 1220 tantummodo
749 1164 898 1236 respectu,
917 1157 997 1236 quod
1013 1174 1047 1220 ex
1065 1157 1118 1220 illo
1135 1157 1220 1237 prin·

129 1260 215 1340 cipia
236 1259 467 1322 desumerentur
487 1257 737 1328 fundamentalia,
762 1275 840 1338 quae
862 1257 932 1321 dein
955 1258 992 1320 ad
1015 1259 1222 1322 Traditionem

131 1357 271 1420 divinam
297 1356 447 1436 pertinere
471 1356 702 1436 probarentur:
726 1356 763 1419 de
789 1373 849 1436 quo
876 1374 954 1419 nexu
979 1357 1011 1419 in
1037 1357 1094 1420 hac
1117 1365 1222 1420 nostra

131 1455 348 1519 dissertatione
363 1454 475 1518 directe
491 1471 551 1518 non
567 1455 615 1535 agi
631 1455 814 1518 notavimus.
829 1457 1040 1535 caeteroquin,
1058 1463 1221 1535 postquam

132 1554 348 1619 conclusiones
370 1554 564 1616 statuerimus
585 1570 662 1634 quae
688 1554 777 1617 nobis
800 1555 868 1633 iuro
893 1563 1019 1619 naturae
1044 1555 1223 1618 statuendae

132 1654 328 1730 videbuntur,
350 1661 423 1718 tunc
443 1654 545 1717 licebit
563 1654 699 1732 iudicare
722 1662 823 1716 utrum
845 1670 941 1717 necne
962 1655 1143 1718 conveniant
1160 1653 1221 1732 J'uri

133 1754 251 1830 divino,
269 1762 357 1833 prout
372 1753 454 1816 istud
468 1754 506 1817 ab
522 1754 664 1817 omnibus
685 1754 851 1817 multorum
867 1754 1057 1818 saeculorum
1073 1753 1225 1834 theologis

133 1853 326 1935 proponitur.
345 1852 432 1916 Unde
447 1852 484 1915 de
500 1853 565 1916 solo
578 1853 644 1931 iure
660 1852 792 1914 naturali
807 1852 920 1916 directe
935 1852 1046 1933 agitur.

178 1952 316 2031 insuper,
331 1951 398 2028 jure
412 1951 556 2025 naturali,
574 1950 611 2013 de
625 1951 690 2012 sola
703 1950 820 2028 iustitia
835 1950 886 2013 liic
905 1949 1015 2030 agitur.
1039 1965 1109 2012 cum
1131 1965 1223 2029 quae·

134 2059 221 2114 ratur
243 2060 345 2113 utrum
366 2065 463 2112 necne
484 2060 513 2111 et
535 2048 687 2128 quomodo
703 2051 824 2128 Justom
850 2049 890 2111 sit
915 2049 1033 2112 lucrum
1055 2065 1071 2111 c
1094 2048 1224 2128 pecunia

134 2151 303 2232 percipere.
326 2151 439 2214 Eadem
463 2151 545 2228 enim
570 2150 707 2229 quaestio
731 2149 768 2212 de
790 2150 936 2212 charitate
959 2150 1031 2229 poni
1057 2153 1221 2229 possetis).

136 2249 293 2325 Quamvis,
317 2259 350 2312 ut
368 2249 496 2312 historia
521 2249 744 2312 controversiae
767 2256 861 2328 patet,
886 2263 1031 2327 maguum
1057 2247 1131 2310 olim
1153 2248 1225 2310 huie

169 2510 204 2572 (l)
221 2508 259 2565 Gi.
271 2525 297 2564 v.
311 2524 349 2576 g..
361 2511 445 2572 Fuuu,
461 2509 617 2564 decontra
627 2512 674 2562 des
685 2509 850 2562 ltirclaliclren
862 2508 1056 2571 Zinsocrdotcs,
1069 2522 1096 2572 p.
1110 2508 1157 2572 'll;
1171 2521 1226 2563 vou

137 2591 311 2653 Voonrsauo.
323 2593 390 2645 Zins
401 2595 456 2644 tend
474 2591 600 2651 Wueltcr.
614 2605 640 2656 p.
655 2589 697 2644 ll.

170 2675 205 2738 (i)
222 2675 307 2731 Etiam
327 2675 411 2731 altera
430 2690 446 2729 a
466 2675 614 2729 moralistis
634 2674 747 2739 ponitur
767 2674 892 2740 quaestio
915 2673 950 2729 de
973 2673 1112 2729 charitatis
1135 2673 1227 2728 officio

137 2763 260 2810 motatum
281 2757 456 2823 iodlpcntllms
476 2757 624 2819 indurandi,
650 2769 720 2821 quoe
743 2758 909 2810 tamennon
934 2755 1045 2820 respicit
1065 2754 1155 2810 loenus
1176 2767 1224 2810 seu

137 2853 249 2895 usumm
264 2859 271 2894 ε
284 2840 429 2905 inquirunt
440 2853 548 2905 nempe,
560 2840 631 2894 sicut
646 2841 752 2893 veteres
768 2837 805 2892 ito
822 2841 850 2892 et
867 2838 1042 2900 recentiores,
1058 2840 1151 2893 utrum
1162 2838 1225 2894 clia·

139 2923 204 2977 ritas
216 2923 339 2988 imponat
356 2922 434 2978 diviti
450 2925 482 2977 ut
496 2922 588 2981 alicui.
601 2923 630 2974 ln
647 2925 770 2973 cntrerno
788 2923 943 2973 necessitate
959 2920 1119 2984 constituto,
1134 2934 1225 2976 neces·

140 3005 208 3058 saria
221 3004 324 3060 tribuat
342 3017 391 3070 per
409 3003 522 3059 modum
538 3003 638 3063 mutui.
651 3016 687 3057 an
697 3015 763 3057 vero
775 3017 825 3067 per
837 3001 950 3057 modum
962 3001 1131 3067 donationis;
1153 3003 1228 3058 unde

140 3087 221 3142 etiam
237 3090 374 3153 quaerunt
392 3091 485 3143 utrum
503 3087 561 3154 qui.
573 3090 693 3142 extrema
712 3086 875 3142 necessitate
894 3085 1038 3151 impulsus.
1051 3085 1137 3141 aliena
1153 3085 1228 3152 juste

141 3169 297 3234 arripuerit,
310 3173 372 3236 post
388 3172 549 3225 transactam
567 3171 756 3224 necessitatem
771 3169 832 3235 cogi
851 3168 937 3234 possit
955 3168 989 3222 ud
1007 3168 1101 3224 eadem
1113 3167 1225 3224 domino

141 3250 258 3314 pristino
276 3251 444 3307 restituenda
461 3250 505 3313 (cl.
525 3251 550 3305 S.
563 3252 721 3305 Amuousus
738 3264 773 3304 ou
790 3250 915 3312 monum,
941 3249 1081 3315 Tteolopiu
1102 3252 1225 3315 neuroide,

142 3331 159 3385 l.
171 3333 214 3397 lv,
227 3334 263 3387 tr.
276 3332 302 3397 5,
314 3341 345 3386 n⁰
357 3332 415 3396 520.
429 3332 475 3388 ubi
488 3327 640 3387 atteruntur
650 3332 740 3387 variae
751 3331 902 3387 sententiae
919 3335 947 3386 et
965 3331 1110 3391 auctores).
1124 3330 1226 3395 Quodsi

142 3414 273 3481 principia
294 3413 504 3470 fundamentalia
523 3413 664 3469 charitatis
683 3417 711 3469 et
729 3412 852 3479 iustitiae
872 3426 937 3478 prae
961 3413 1049 3468 oculis
1071 3416 1224 3476 versantur,

143 3496 278 3551 noscimus
293 3509 329 3550 an
343 3495 378 3551 de
395 3495 514 3562 generali
531 3495 699 3562 quaestionis
717 3495 856 3550 solutione
867 3493 983 3551 dubium
995 3507 1105 3550 manere
1117 3494 1224 3559 possit:

143 3578 241 3633 etenim
252 3577 329 3632 dives
346 3592 381 3633 ex
398 3578 530 3633 charitate
547 3578 669 3634 tribuere
687 3577 777 3641 debet.
790 3577 833 3632 vel
847 3576 972 3642 indigens
989 3589 1024 3632 ex
1041 3575 1145 3643 justitia
1156 3575 1224 3629 arri·

144 3672 206 3723 pere
228 3664 327 3726 potest,
351 3664 457 3716 tantum
479 3666 612 3727 quantum
635 3661 687 3727 ipsi
710 3659 894 3717 necessarium
919 3658 1014 3715 estad
1036 3659 1225 3714 necessitatem

145 3746 290 3797 extremam
308 3742 487 3808 evadendam;
506 3756 581 3808 ergo.
601 3742 624 3797 si
643 3756 687 3795 res
704 3745 763 3806 ipso
781 3746 823 3797 est
840 3741 1002 3804 necessaria,
1022 3740 1150 3795 dominus
1168 3753 1226 3794 rem

146 3821 243 3880 donare
259 3825 316 3879 siue
334 3824 491 3891 relinquere
508 3823 601 3885 debet:
622 3823 645 3879 si
663 3836 728 3878 vero
746 3837 810 3876 usae
822 3826 864 3876 rea·
876 3822 985 3886 sufficit,
1004 3820 1225 3876 dominususum

146 3906 247 3961 tantum
259 3906 415 3974 relinquere
426 3906 521 3970 debet3
540 3904 614 3961 unde
629 3906 659 3960 iu
674 3905 764 3971 primo
775 3918 841 3960 casu
853 3903 1054 3971 aequivalenter
1065 3903 1096 3958 iit
1107 3906 1226 3969 donatio,

148 3992 173 4043 et
189 3990 216 4043 in
233 3989 355 4047 secumo
371 4003 435 4046 casu
455 3995 576 4042 motuum
593 3987 635 4044 vel
653 3990 859 4053 compendiatum,
879 3991 962 4054 prout
979 4000 1056 4049 usus.
1074 3986 1226 4042 secundum

148 4068 301 4126 charitatem
318 4084 465 4126 concessus
482 4069 524 4125 vel
543 4067 694 4124 secundum
711 4067 846 4134 iustitiam
863 4070 997 4135 arreptus,
1018 4069 1046 4122 iu
1063 4068 1145 4122 atum
1163 4082 1227 4124 con-

53 4193 56 4200 .
149 4149 221 4205 sistat
237 4165 332 4209 necue.
352 4153 436 4217 Quam
454 4151 617 4207 sententiam
635 4149 831 4215 salmoneus
849 4150 953 4214 «longe
968 4150 1188 4207 ‚communiorem
1200 4151 1229 4206 et

108 4289 111 4294 ,
149 4233 300 4288 aeriorem»
312 4231 388 4290 dicit.
