3242 4959
391 461 452 527 282
681 499 685 510 ι
756 479 829 526 rans
843 481 965 526 rursm.
982 480 1060 527 secr.
1078 481 1112 527 u.

390 645 475 709 addit
495 661 541 722 ea
553 643 800 725 praesumptione
815 660 871 707 nec
885 643 1005 708 decreta
1023 659 1148 708 romana
1167 644 1262 708 «Non
1276 659 1344 706 esse
1359 641 1477 722 inquie-

390 744 497 808 tandos
516 766 545 818 »,
569 760 624 808 nec
645 743 763 824 praxim
785 759 979 807 communem
1004 743 1187 806 sufficienter
1206 741 1353 823 explicari
1377 759 1385 805 :
1409 757 1480 806 cum

388 844 495 908 multis
521 844 554 906 in
578 843 711 917 casibus,
739 844 852 923 quihus
876 843 914 907 de
945 843 1075 908 liceitate
1100 843 1227 907 auctarii
1256 842 1391 906 dubitari
1417 857 1480 906 non

388 942 497 1022 possit,
515 941 622 1004 titulus
638 941 714 1004 lucri
730 941 878 1004 cessantis
892 941 930 1004 de
944 939 1026 1005 iacto
1039 957 1102 1004 non
1122 940 1214 1016 adsit,
1231 939 1367 1019 adeoque
1389 955 1478 1020 prae-

388 1041 524 1122 sumptio
550 1041 668 1105 veritati
695 1040 791 1105 cedat.
820 1041 875 1105 oni
902 1049 1004 1106 tamen
1026 1040 1142 1119 jndicio
1168 1042 1206 1105 de
1230 1039 1481 1121 praesumptione

388 1140 536 1204 hodierna
558 1140 633 1204 lucri
659 1140 806 1202 cessantis
828 1141 1008 1220 plerumque
1028 1156 1091 1203 non
1112 1147 1284 1204 accuratam
1303 1137 1377 1202 dicti
1401 1137 1482 1202 tituli

389 1237 544 1301 notionem
561 1238 764 1318 praesupponi
778 1238 841 1316 jam
857 1239 1029 1301 notavimus
1047 1256 1054 1301 :
1072 1238 1152 1313 ideo,
1170 1239 1196 1302 si
1213 1247 1294 1302 recta
1316 1237 1394 1300 lucri
1415 1253 1482 1300 ces·

389 1336 486 1400 santis
508 1337 659 1417 principia
681 1346 918 1412 assumerentur,
936 1337 1063 1402 dubium
1085 1348 1164 1400 esset
1182 1354 1222 1400 an
1241 1343 1379 1416 oporteat
1402 1336 1482 1399 ultra

389 1434 523 1516 positum
553 1435 693 1516 progredi
724 1436 964 1500 conclusionem.
995 1438 1035 1500 At
1063 1435 1300 1516 progrediuntur
1332 1435 1478 1498 multum.

389 1535 511 1600 Etenim
526 1535 635 1598 thesim
651 1536 730 1600 hanc
745 1544 881 1599 statuunt
894 1552 902 1598 :
917 1551 986 1600 cum
998 1535 1164 1600 hodiedum
1177 1536 1296 1600 lucrum
1312 1535 1481 1599 universim

391 1650 510 1698 cessare
525 1643 746 1714 praesumatur.
764 1651 817 1697 seu
837 1651 906 1698 cum
927 1635 1055 1715 pecunia
1077 1635 1280 1700 communiter
1300 1635 1365 1714 jam
1387 1650 1481 1715 nego·

390 1733 526 1797 tiationis
552 1734 788 1796 instrumentum
814 1741 844 1796 ct
864 1734 1042 1813 productiva
1067 1734 1224 1811 habeatur,
1248 1735 1420 1798 auctarium
1445 1749 1481 1796 ex

391 1841 496 1894 mutuo
513 1838 686 1910 perceptum
700 1831 763 1909 jam
779 1840 826 1894 est
838 1832 953 1910 justum
975 1849 1104 1912 semper,
1121 1832 1241 1895 etiamsi
1265 1833 1387 1896 lucrum
1410 1847 1481 1894 casu

391 1929 568 2008 particulari
595 1929 768 1991 nullatenus
794 1940 937 2005 cessaret,
960 1946 996 1994 ac
1017 1930 1110 1992 etiam
1136 1930 1216 1992 tituli
1242 1946 1349 1993 omnes
1376 1937 1484 1992 mutuo

392 2029 553 2092 extrinseci
580 2028 616 2091 de
643 2028 722 2093 iacto
748 2031 798 2093 hic
823 2039 853 2093 et
877 2047 959 2093 nunc
983 2030 1155 2094 delicerent.
1180 2030 1325 2105 Quamvis
1350 2029 1481 2091 multum

392 2126 472 2190 absit
488 2127 562 2207 quin
577 2144 678 2190 veram
694 2137 723 2191 et
737 2128 896 2206 formalem
911 2130 1057 2209 pecuniae
1072 2129 1253 2192 locutionem
1268 2132 1479 2209 propugnant,

291 2295 292 2301 ἵ
391 2225 453 2289 imo
484 2226 623 2304 quamvis
652 2243 792 2306 expresse
822 2235 1010 2306 oppugnent,
1039 2227 1176 2307 plerique
1201 2236 1302 2289 tamen
1329 2223 1483 2306 praesenti

391 2324 559 2386 sententiae
570 2323 706 2386 latentes
716 2325 795 2387 hanc
807 2324 845 2387 ad
857 2325 1003 2404 pecuniae
1014 2324 1104 2404 poesi
1116 2323 1297 2386 locationem
1308 2322 1480 2386 reducunt:

391 2430 420 2485 et
435 2422 543 2486 merito
559 2421 693 2501 quidem,
711 2431 742 2485 ot
757 2424 955 2502 sequentihus
970 2423 1095 2502 patebit.

434 2521 562 2600 Insuper
576 2521 651 2582 haec
666 2520 760 2583 thesis
776 2520 813 2582 de
824 2521 958 2601 perronio
974 2528 1090 2583 tantum
1106 2521 1241 2600 ponitur,
1259 2535 1321 2582 non
1336 2517 1374 2581 de
1390 2518 1481 2582 rebus

393 2620 520 2683 caeteris
546 2619 847 2698 consumptibilihns,
870 2628 943 2699 puta
966 2619 1064 2682 tritico
1086 2618 1167 2698 quod
1189 2635 1206 2681 a
1228 2618 1361 2681 ruricola
1384 2619 1484 2682 vicino

393 2707 447 2782 suo
464 2717 665 2782 concreditur.
684 2719 721 2781 Et
736 2719 768 2781 in
787 2719 846 2782 hoc
867 2718 990 2798 quidem
1012 2727 1083 2782 nota
1104 2717 1239 2796 eiusdem
1258 2717 1484 2781 caracteristica

392 2819 614 2882 manifestatur.
634 2819 767 2882 Pecunia
782 2820 863 2881 enlm
880 2817 1045 2881 hodiedum
1070 2817 1150 2880 lacta
1172 2828 1218 2880 est
1240 2818 1483 2880 instrumentum

391 2917 606 2998 negotiationis
636 2917 778 2979 omnihus
808 2917 1008 2996 appretiabile
1039 2933 1046 2979 :
1079 2915 1160 2979 unde
1188 2917 1241 2978 tali
1278 2916 1485 2979 instrumento

391 3031 503 3090 carere,
527 3015 573 3077 vel
598 3015 657 3076 tale
681 3015 918 3078 instrumentum
945 3015 1077 3078 tribuere
1104 3022 1149 3076 est
1175 3015 1248 3094 quid
1270 3015 1369 3094 pretio
1392 3014 1483 3077 aesti-

391 3112 516 3176 mahilc.

434 3209 570 3273 Dicimus
590 3227 694 3272 curere
713 3210 760 3272 vel
780 3209 914 3272 tribuere
931 3227 938 3272 :
958 3226 1029 3272 nam
1051 3210 1166 3289 duplici
1188 3210 1368 3290 praesertim
1392 3208 1486 3272 modo

392 3306 552 3382 sententia,
571 3307 710 3386 quamvis
726 3308 815 3371 nohis
829 3306 935 3369 eadem
950 3306 1098 3381 videatur,
1115 3309 1306 3387 proponitur.
1320 3307 1383 3373 Alii
1399 3308 1482 3371 enim

392 3404 505 3468 directe
535 3405 571 3468 de
600 3404 750 3468 creditore
775 3406 952 3485 loquuntur,
980 3413 1129 3485 qnatenus
1151 3406 1190 3470 ob
1216 3414 1356 3469 mutuum
1381 3413 1486 3470 careat

391 3503 593 3566 instmmento
609 3503 701 3582 quod,
719 3503 839 3566 etiamsi
855 3503 914 3582 ipsi
930 3519 992 3566 non
1014 3513 1094 3566 esset
1116 3503 1308 3577 lucrativum,
1326 3503 1482 3568 communi

391 3610 493 3665 tamon
508 3602 715 3672 aestimatione
730 3606 765 3664 ut
779 3602 1016 3664 instrumentum
1032 3601 1212 3665 lucrativam
1227 3603 1377 3667 hahetur:
1396 3604 1438 3666 ita
1449 3609 1483 3665 ut

392 3701 522 3783 privatio
538 3701 572 3762 io
585 3701 693 3779 sejam
708 3701 748 3763 sit
762 3700 975 3764 aestimabilis.
991 3701 1108 3765 —Alii
1131 3717 1201 3765 vero
1224 3703 1327 3782 potios
1346 3702 1378 3764 in
1401 3708 1485 3766 recto

357 3847 359 3849 -
393 3799 430 3862 de
456 3798 590 3862 debitore
610 3808 715 3878 agunt,
740 3798 853 3877 qnippe
875 3797 923 3861 cui
950 3798 1186 3862 instrumentum
1212 3799 1246 3860 io
1269 3800 1484 3866 selucrosum

392 3898 544 3962 tribuatur
561 3914 568 3960 :
587 3913 654 3960 cum
668 3896 787 3974 iustitia
802 3903 975 3959 contractus
989 3897 1022 3958 in
1037 3897 1274 3975 praestationum
1299 3898 1483 3976 aequalitate

393 3997 550 4072 consistat,
578 4011 707 4086 cumque
733 3995 918 4076 mutuatario
949 3993 1088 4057 credatur
1116 4011 1177 4058 non
1206 3995 1306 4059 solnm
1335 3996 1483 4076 pecuniae

392 4109 522 4169 summa,
547 4092 600 4156 sed
624 4094 750 4171 insuper
770 4092 960 4172 possibilitas
981 4098 1121 4155 concreto
1139 4093 1242 4156 utendi
1267 4093 1398 4173 pecunia
1423 4110 1482 4173 qua

393 4191 538 4255 lucrativo
561 4191 775 4265 instrumento,
800 4189 868 4253 ideo
890 4190 1082 4254 retribuenda
1103 4191 1160 4254 erit
1182 4200 1245 4256 tum
1267 4192 1397 4277 pecunia
1419 4199 1483 4255 tum
