3242 4959
378 423 439 496 lin
483 468 486 472 -
747 439 820 489 atus
833 436 955 489 masm-
975 437 1054 486 sser.
1071 435 1091 484 1.

377 607 420 674 ita
440 621 507 672 esse
527 605 744 679 universatem,
761 603 931 684 utpmlrari
952 619 1014 668 aon
1036 603 1153 678 debeat,
1177 603 1240 666 imo
1263 611 1295 678 ut
1321 601 1354 666 io
1380 597 1472 668 omni

376 705 620 786 impetuositas
631 709 752 771 molum
759 708 992 783 praenotetur,
1003 701 1084 782 quod
1095 699 1240 768 contrarii
1252 699 1471 780 prolationem

376 803 558 876 admitteret,
575 801 630 866 sed
644 802 758 870 existat
768 817 827 882 per
839 817 882 865 se.

416 902 510 986 Atqui
527 904 565 966 in
586 903 645 966 hoe
666 902 878 974 laudamento,
896 917 969 980 pare
985 900 1153 965 dixerimus
1166 899 1349 968 eximiorum
1364 902 1472 962 auoto-

375 1019 456 1078 rum,
482 1001 619 1070 admissa
647 1001 739 1064 etiam
765 1000 895 1076 dominii
922 1001 1132 1074 translatione,
1159 998 1251 1064 cardo
1277 996 1471 1077 quaestionis

374 1101 534 1166 statuenda
549 1100 677 1164 videtur.
695 1099 772 1164 Cum
787 1100 870 1162 enim
886 1098 1016 1178 pecunia
1031 1099 1104 1164 milii
1120 1096 1251 1178 eapnme
1266 1111 1334 1160 vere
1349 1104 1378 1160 ot
1394 1101 1469 1166 autu

375 1207 591 1281 repraesentet,
608 1197 738 1278 pecunia
753 1198 829 1262 milri
846 1213 913 1261 vere
928 1198 979 1261 hie
994 1206 1023 1260 et
1037 1211 1119 1262 nuno
1133 1213 1166 1260 se
1180 1197 1272 1260 habet
1286 1195 1324 1258 ad
1339 1193 1471 1262 mum

375 1298 610 1380 elrieetisignati
628 1316 635 1362 :
654 1299 736 1363 uude
750 1306 813 1364 teta
828 1314 878 1362 ros
892 1298 1004 1377 pendet
1018 1314 1036 1361 a
1051 1297 1175 1364 unione
1196 1296 1337 1377 capitalis
1358 1311 1412 1375 per
1433 1310 1472 1358 se

374 1399 562 1481 productisi3
575 1399 603 1462 si
615 1415 664 1462 reo
674 1414 869 1472 omneaoum
880 1398 992 1478 quibus
1008 1397 1136 1478 peeunia
1150 1404 1364 1467 commutatur.
1382 1394 1469 1460 illem

375 1497 597 1579 ingrediaumr.
620 1497 674 1577 qui
696 1513 729 1561 se
750 1497 849 1576 privat
870 1497 1009 1576 peeuma
1033 1513 1107 1560 sane
1129 1513 1164 1561 eo
1187 1497 1254 1576 ipso
1278 1511 1310 1558 se
1332 1495 1469 1575 privaret

376 1613 435 1664 usu
449 1596 553 1678 aliquo
564 1611 623 1676 per
635 1611 668 1658 se
682 1595 780 1674 pretio
795 1594 991 1663 aestimabili.
1009 1611 1064 1658 seu
1080 1598 1140 1676 per
1152 1612 1185 1658 se
1201 1595 1318 1658 luemm
1340 1593 1469 1664 liaberet

376 1710 511 1761 cessans.
529 1709 591 1756 non
612 1691 736 1771 quidem
758 1692 847 1772 quasi
869 1694 998 1772 pecunia
1018 1693 1191 1771 formaliter
1210 1693 1330 1756 luerum
1351 1690 1467 1771 germi÷

376 1799 474 1864 naret,
496 1806 601 1861 verum
622 1782 696 1870 quia
716 1807 771 1872 per
792 1794 952 1871 pecuniam
974 1809 1010 1856 en
1032 1793 1151 1868 aliare,
1168 1792 1467 1872 quaeeapitaleest‚

378 1892 548 1956 formaliter
563 1892 682 1956 luorum
694 1891 800 1956 haberi
816 1901 929 1970 posset.

419 1991 531 2053 Verum
550 1989 627 2053 illud
651 1989 836 2064 nullatenus,
854 1999 888 2052 ut
912 1989 975 2054 lieri
999 1990 1086 2065 solet,
1100 1995 1389 2070 praesuppooolur5
1411 1985 1467 2055 sed

378 2097 517 2154 aeeurate
547 2087 728 2167 inspiciatur
754 2087 940 2166 quibusnam
974 2088 1126 2168 imprimis
1161 2087 1388 2152 conditionibus
1415 2101 1466 2150 res

378 2185 477 2269 possit
504 2186 565 2250 diei
594 2186 724 2267 capitale
749 2202 803 2266 per
828 2202 861 2250 se
886 2185 1080 2264 frugiferum,
1108 2196 1137 2250 et
1163 2188 1289 2266 insuper
1313 2199 1465 2266 quaenam

378 2287 582 2366 requirantur,
594 2294 626 2349 ut
637 2285 846 2366 oopeeeolam
858 2301 968 2360 meam,
979 2286 1110 2358 illudrel¹
1122 2287 1291 2350 auctarium
1302 2284 1464 2368 miltijuste

377 2386 571 2453 attribuatur.
590 2385 677 2458 Quod
701 2392 806 2464 postea
828 2385 959 2448 elucebit
980 2386 1139 2464 paulatim.
1157 2387 1201 2450 lix
1217 2386 1256 2448 iis
1271 2393 1371 2448 autem
1386 2397 1467 2462 quae

378 2484 417 2550 tle
432 2493 540 2550 natura
555 2484 702 2563 pecuniae
716 2482 808 2548 modo
823 2490 936 2548 statuta
950 2493 1031 2558 sunt,
1048 2485 1112 2562 jam
1131 2493 1250 2550 constat
1269 2481 1465 2547 irrationabi-

379 2582 449 2650 liter
463 2582 592 2662 prolerri
608 2581 729 2644 laertem
739 2597 870 2655 naseos,
884 2581 910 2643 si
927 2581 959 2644 in
975 2583 1032 2645 hoe
1047 2581 1226 2646 fundaretur
1241 2581 1321 2660 quod
1330 2581 1465 2662 paeonio

376 2681 413 2751 io
437 2698 469 2743 se
493 2682 576 2759 foetu
600 2679 642 2742 sil
667 2679 800 2760 eopllole
825 2695 879 2742 seu
905 2697 1027 2761 reaper
1046 2697 1078 2742 ee
1099 2681 1228 2744 lucroso.
1247 2680 1332 2754 Quod
1359 2695 1466 2751 rursus

376 2781 512 2860 apertius
529 2781 577 2843 liet
593 2778 852 2859 exsequentibus
1450 2777 1454 2782 '

419 2880 591 2957 Antequam
616 2886 718 2941 aulem
741 2877 884 2939 intimum
910 2893 1036 2940 examen
1058 2877 1094 2940 de
1121 2878 1242 2957 capitali
1268 2877 1462 2958 incipiemus

377 2977 457 3040 sieut
481 2993 517 3039 ex
549 2977 676 3040 seientia
701 2976 888 3039 oeeonomiea
913 2976 1059 3039 moderna
1088 2976 1124 3038 de
1152 2977 1273 3040 notione
1297 2982 1466 3039 eleutero

376 3074 522 3156 capitolio
544 3074 772 3154 inquisivimus
796 3075 1001 3154 aequaeuam
1023 3082 1104 3138 certa
1126 3076 1297 3152 statuimur,
1315 3075 1465 3155 quaedam

378 3190 462 3237 mere
483 3174 642 3254 supposita
663 3172 857 3252 reliquimus,
882 3174 923 3236 ita
946 3173 1030 3238 decet
1050 3190 1086 3238 ae
1107 3183 1224 3254 opertet
1247 3183 1280 3238 ut
1301 3175 1337 3239 de
1359 3175 1467 3244 eadem

378 3271 557 3350 quaestione
572 3271 732 3337 seientiam
745 3271 948 3347 scolasticam,
962 3273 1118 3354 perlonga
1131 3282 1174 3338 tot
1189 3274 1311 3338 saecula
1326 3274 1465 3338 unanimi

377 3367 538 3431 doctorum
550 3368 768 3432 catholicorum
782 3384 934 3432 eonsensu
948 3371 1125 3446 admissam,
1141 3371 1373 3452 interrogemus
1388 3371 1469 3434 Hine

378 3595 462 3659 Dono,
475 3594 524 3667 qui
541 3593 618 3660 prete
636 3594 651 3650 ‘a
668 3596 761 3652 autrui
778 3596 794 3652 i
812 3596 912 3666 charge
929 3596 965 3652 de
983 3595 1081 3654 rendre
1099 3596 1124 3652 la
1142 3597 1379 3667 sommed’argenl
1390 3610 1428 3654 ou
1440 3596 1467 3653 le

377 3677 440 3743 prix
457 3691 492 3732 au
511 3676 580 3732 bout
598 3676 663 3732 d’uu
679 3679 784 3733 oertain
804 3679 903 3744 temps,
922 3677 1032 3734 eonlere
1050 3678 1169 3744 pendant
1187 3693 1219 3736 ee
1237 3683 1326 3745 temps
1343 3681 1407 3736 tous
1425 3679 1465 3740 les

375 3764 522 3838 avautages
533 3760 669 3827 possibles
680 3760 730 3818 des
740 3761 863 3818 diverses
879 3765 969 3819 sortes
987 3762 1022 3819 de
1040 3763 1183 3820 riehesses.
1197 3762 1249 3820 iles
1260 3765 1317 3820 lors
1327 3767 1465 3823 enormem

377 3845 525 3904 maintenir
535 3845 576 3902 les
586 3846 733 3902 anciennes
749 3845 924 3904 distinctions
941 3847 1100 3905 etablissant
1118 3848 1142 3902 la
1161 3847 1279 3914 gratuite
1295 3848 1333 3904 du
1352 3847 1414 3915 oret
1431 3847 1467 3906 de

376 3927 496 3983 oertains
515 3927 612 3984 biens?
631 3928 681 3984 Les
700 3928 780 3983 titres
800 3927 926 3984 d'inle'ret
945 3930 1163 3995 compensatolre
1183 3930 1340 3998 [praecipue
1357 3930 1465 3986 luorum

375 4011 496 4073 eeosans]
509 4011 663 4078 surgissent
673 4010 709 4066 de
721 4013 831 4077 partout
849 4025 903 4067 aux
920 4025 993 4077 yeux
1011 4011 1060 4068 des
1078 4011 1259 4078 theologiam,
1272 4011 1348 4069 leura
1363 4012 1466 4069 raison·

377 4094 503 4161 nements
518 4091 688 4160 temoignent
705 4092 740 4150 de
758 4091 968 4159 l'impossibilite'
988 4092 1149 4160 d’eehapper
1161 4091 1177 4152 a
1189 4094 1213 4150 la
1225 4095 1321 4152 notion
1339 4093 1466 4156 nouvelle

377 4171 429 4244 nee
440 4173 475 4231 de
486 4172 632 4242 l'eehanpe.
644 4191 660 4222 >³
671 4173 709 4232 Cf.
721 4174 804 4239 etiam
816 4176 850 4230 il.
864 4190 892 4242 p.
908 4174 964 4232 106.
