3242 4959
402 437 464 503 230
766 457 839 504 nans
853 457 974 504 sumna.
992 459 1072 504 sacr.
1090 459 1123 504 u.

402 619 494 684 talem
508 635 598 683 usum
613 620 759 702 pecuniae
774 620 857 684 licite
871 621 962 685 bomo
977 621 1107 685 vendere
1121 628 1230 703 potest,
1249 630 1283 686 ut
1297 623 1387 687 aits.
1405 608 1495 688 ruo*

402 735 478 782 mas.
486 742 526 782 ..»
534 721 624 796 Sane,
632 719 685 783 sed
695 719 722 783 si
733 719 969 800 chirographum
981 720 1102 801 pignori
1110 719 1210 797 datur,
1218 721 1407 802 aecipiturne
1417 721 1493 787 ideo

402 817 483 898 quod
504 818 613 883 babeat
633 818 768 882 valorem
782 819 930 898 pecuniae
944 819 1075 888 realiter,
1093 835 1132 883 aa
1149 827 1271 884 econtra
1292 821 1395 901 potius
1415 822 1496 902 quia
1588 840 1589 853 ¹

401 917 483 981 buno
497 917 630 980 valorem
646 933 716 980 vero
731 916 819 996 signo
836 919 1059 998 repraesentet?
1074 916 1166 992 -Quod
1185 926 1286 982 autem
1307 919 1395 983 alteri
1414 935 1489 983 con·

402 1015 551 1080 creditum
566 1023 599 1078 nt
611 1017 644 1078 in
659 1015 772 1096 pignus
786 1016 824 1079 ab
843 1015 909 1096 ipso
924 1025 1065 1095 ponatur,
1083 1016 1160 1080 illud
1175 1017 1316 1081 creditori
1331 1019 1372 1082 sit
1392 1020 1499 1098 pretio

403 1113 604 1190 aestimabile,
621 1114 679 1178 boe
693 1113 875 1177 admisimus
890 1112 958 1177 ideo
972 1115 1108 1194 praecise
1123 1114 1205 1195 quod
1219 1117 1252 1178 in
1267 1132 1300 1179 se
1313 1125 1348 1180 ut
1364 1116 1498 1197 siparum·

404 1213 516 1278 valoris
539 1229 731 1294 permanens,
749 1213 858 1277 habeat
882 1213 1015 1277 valorem
1038 1231 1113 1276 oeus
1134 1214 1312 1278 distinctum
1333 1217 1492 1292 avalone,

403 1328 465 1376 non
480 1313 548 1376 dieo
563 1313 656 1394 signi,
673 1313 727 1377 sed
742 1319 979 1394 repraesentato.
997 1313 1084 1378 Unde
1099 1313 1211 1394 duplex
1226 1314 1365 1394 probatio
1377 1315 1490 1379 admit·
1589 1366 1590 1369 ,

403 1410 489 1482 titur,
506 1411 559 1474 sed
581 1421 708 1492 negatur
729 1427 929 1490 consequens,
952 1427 1061 1491 nempe
1080 1412 1241 1491 pecuniam
1264 1412 1303 1475 ad
1322 1422 1493 1477 commuta·

404 1509 502 1573 tiones
516 1509 661 1573 creditam
676 1510 775 1590 primo
790 1526 848 1573 usu
864 1525 925 1572 nou
940 1509 1089 1573 consumi.

445 1613 508 1675 llau
526 1611 694 1684 occasione,
718 1609 809 1673 etiam
830 1626 885 1692 per
906 1617 1102 1673 transennam
1122 1618 1241 1673 notetur
1258 1611 1291 1673 in
1303 1597 1498 1674 sententiam-

403 1709 517 1773 ibidem
533 1725 550 1772 a
565 1711 600 1771 P.
619 1709 761 1771 Palmieri
774 1709 955 1789 expositam,
972 1706 1080 1772 saltem
1095 1710 1189 1771 nimis
1210 1709 1331 1790 probari
1349 1727 1357 1773 :
1374 1711 1496 1773 etenim·

403 1810 502 1889 primo
516 1808 645 1887 probare
659 1817 785 1871 conatur
798 1808 960 1888 pecuniam
975 1807 1085 1871 laeum
1097 1824 1162 1871 esse
1173 1807 1363 1889 frugiferam,
1378 1808 1498 1872 deinde
1590 1832 1591 1847 ¹

403 1906 563 1987 pecuniam
578 1922 699 1986 semper
713 1906 745 1968 in
761 1923 793 1969 se
812 1921 989 1987 permanere
1010 1907 1049 1971 ob
1070 1906 1203 1970 rationes
1224 1906 1343 1980 allatas,
1361 1907 1493 1988 ideoque

403 2021 493 2069 usum
505 2004 649 2084 pecuniae
661 2003 802 2081 creditae,
812 2006 891 2068 ultra
903 2005 1103 2069 substantiam
1116 2022 1169 2068 seu
1182 2005 1316 2069 valorem
1327 2007 1486 2086 pecuniae,

402 2101 587 2167 vendibilem
602 2119 680 2166 esse.
694 2103 787 2184 Atqui
802 2104 972 2167 rationibus
988 2104 1088 2167 citatis
1103 2103 1281 2180 ostenditur,
1303 2105 1396 2167 etiam
1417 2121 1490 2168 cum

403 2203 531 2285 pecunia
546 2202 659 2266 credita
673 2210 729 2278 est,
743 2201 843 2266 adbuo
857 2201 963 2266 eodem
979 2202 1070 2266 modo
1085 2202 1182 2282 ipsius
1197 2203 1331 2267 valorem
1346 2203 1490 2268 creditori

403 2299 615 2380 productivum
638 2317 716 2364 esse.
745 2300 832 2364 Unde
860 2316 951 2364 usum
979 2307 1118 2365 monetae
1143 2318 1215 2364 suae
1240 2301 1383 2382 physicae
1407 2302 1489 2381 iusta

405 2398 553 2462 locatione
578 2397 723 2462 concedat
747 2399 879 2462 creditor
906 2401 954 2476 (t),
978 2410 1007 2462 ct
1031 2400 1126 2463 simul
1150 2401 1283 2464 valorem
1312 2417 1404 2480 ouem
1429 2401 1496 2465 sibi

404 2505 572 2573 conservat,
594 2499 696 2578 etqui
718 2497 756 2562 ab
778 2499 842 2562 illis
862 2500 1038 2563 auctoribus
1060 2500 1189 2581 capitale
1207 2501 1393 2573 nominatur,
1409 2501 1497 2580 iuste·

404 2595 510 2660 reddat
524 2595 752 2675 productivum!

446 2693 649 2758 Concludatur
664 2695 758 2775 igitur
772 2696 830 2758 soli
850 2696 996 2776 pecuniae
1017 2696 1118 2760 inesse
1138 2696 1271 2760 valorem
1293 2697 1335 2760 ita
1355 2698 1498 2773 realiter,
1592 2736 1593 2739 =

405 2801 438 2856 ut
452 2809 520 2856 eum
536 2794 664 2873 pecunia
679 2794 802 2874 pbysica
818 2804 847 2859 et
862 2796 927 2876 ipse
942 2796 1130 2859 absumatur.
1148 2797 1186 2859 lit
1205 2797 1246 2859 ita
1267 2804 1385 2860 constat
1406 2813 1460 2862 eos
1473 2815 1498 2861 a

337 2972 343 2988 ι
405 2892 556 2972 principio
572 2908 671 2956 errare
687 2894 740 2972 qui
755 2903 887 2973 systema
902 2911 990 2959 suum
1007 2896 1039 2958 in
1059 2896 1211 2977 figmentis
1232 2895 1393 2960 aedificent
1413 2913 1498 2978 quae

407 3005 424 3052 a
438 3005 539 3053 rerum
554 2992 678 3054 veritate
693 2991 883 3056 abstrahant.

805 3258 1026 3324 ARTICULUS
1048 3262 1086 3324 ll.

414 3421 417 3426 '
465 3421 511 3470 DE
533 3421 702 3474 CAETERIS
723 3423 837 3474 REBUS
858 3426 970 3475 PRIMO
993 3425 1060 3475 USU
1081 3425 1430 3476 CONSUMPTIBILIBUS.

450 3620 510 3684 Res
525 3620 625 3700 primo
639 3636 696 3684 usu
711 3621 963 3702 consumptibiles
978 3638 1012 3685 ea
1028 3622 1130 3686 omnia
1146 3639 1300 3699 vocamus,
1318 3639 1408 3704 uuae,
1421 3639 1496 3687 uum

409 3735 426 3782 a
439 3735 614 3800 possessore
629 3719 667 3783 ad
682 3736 771 3783 usum
783 3737 873 3784 suum
885 3722 1058 3785 naturalem
1070 3741 1105 3786 oc
1115 3724 1281 3804 proprium
1296 3722 1492 3798 adhibentur,

442 3953 477 4018 (ll
493 3956 608 4020 insuper
626 3952 724 4009 locatio
743 3953 809 4010 baec
828 3956 977 4020 pertineret
994 3954 1027 4010 ad
1045 3955 1165 4021 speeiem
1183 3955 1326 4022 buous'uue
1344 3955 1463 4020 ignotam
1481 3972 1493 4008 r

411 4040 458 4106 uui
470 4039 544 4096 enim
562 4039 633 4095 locat
644 4037 757 4106 aliquid,
776 4041 842 4105 puta
859 4039 981 4101 domum,
995 4040 1082 4106 ipsam
1100 4039 1169 4095 bano
1181 4053 1238 4096 rem
1250 4039 1390 4102 locatario,
1402 4040 1449 4107 uui
1460 4051 1496 4094 ea.

412 4123 513 4187 ulatur,
526 4122 665 4188 concedit;
679 4121 725 4178 bio
735 4125 847 4178 econtra
859 4137 927 4187 rem,
939 4123 998 4179 soil.
1012 4126 1131 4177 uolorm
1144 4123 1276 4189 pecuniae
1286 4122 1410 4187 idealem,
1424 4121 1495 4177 lota-

411 4207 456 4260 tor
467 4204 518 4260 sibi
531 4205 670 4268 retineret,
683 4205 807 4271 quamvis
819 4205 859 4261 rei
871 4218 952 4261 usum
964 4203 1082 4262 vendere
1093 4207 1195 4270 posset.
