3242 4959
342 454 407 499 CAP.
424 455 456 499 ll.
480 456 642 502 montannos
660 456 844 511 outesrlootls
858 457 1012 504 aspectus·
1163 441 1217 504 101

120 628 164 682 ut
182 619 326 682 omnihus
347 620 505 700 probatam
527 622 613 700 quasi
634 631 923 702 praesupponerent,
941 630 970 685 et
991 637 1044 702 per
1066 622 1218 698 accidens,

121 719 292 783 occasione
321 719 475 783 variorum
504 728 730 793 contractuum,
761 720 798 784 de
827 721 932 784 eadem
966 729 1103 802 agerent,
1131 721 1223 784 hodie

122 826 240 882 contra
250 819 388 899 plerique
400 820 578 899 praesertim
590 819 806 883 oeconomistae
818 819 855 882 de
867 820 933 900 ipso
946 819 1052 882 crediti
1068 829 1223 884 contractu

121 936 195 983 non
215 919 279 998 iam
300 936 336 983 ex
358 919 496 999 professo
518 919 694 999 loquuntur,
720 918 774 982 sed
795 919 849 981 toti
873 928 1032 982 versantur
1058 920 1090 982 in
1116 928 1223 982 natura

121 1009 243 1097 objecti
269 1017 415 1098 frugifera
440 1018 621 1097 inquirenda
643 1027 672 1080 et
691 1019 910 1081 confirmanda.
933 1017 1063 1098 Ideoque
1085 1020 1164 1083 hauc
1185 1019 1222 1082 de

121 1125 242 1180 natura
257 1117 397 1196 capitalis
415 1116 646 1195 inquisitionem
666 1117 878 1180 existimamus
900 1117 990 1180 modo
1012 1118 1221 1181 fundamenta·

121 1218 204 1281 lem.
220 1217 330 1282 Omnia
345 1218 457 1280 etenim
472 1224 646 1296 systemata,
660 1233 714 1296 pro
726 1218 843 1280 ratione
856 1234 914 1296 qua
927 1233 944 1279 a
956 1218 1071 1280 theoria
1084 1224 1181 1280 vetere
1193 1225 1223 1280 et

122 1334 143 1380 a
156 1318 290 1380 caeteris
301 1316 458 1379 modernis
469 1317 694 1396 specificantur,
709 1317 826 1378 ultimis
837 1316 924 1395 quasi
937 1333 972 1378 ex
985 1315 1138 1378 radicibus
1153 1331 1222 1396 ger-

121 1415 290 1478 minantur
311 1430 347 1476 ex
368 1414 496 1476 diversis
515 1414 675 1492 principiis
696 1429 773 1492 quae
795 1412 833 1475 de
854 1420 962 1475 natura
983 1413 1092 1489 objecti
1114 1412 1221 1476 crediti

122 1515 232 1594 primo
247 1513 478 1589 adstruxerunt;
497 1513 529 1574 in
541 1514 598 1575 hoc
610 1513 703 1592 igitur
715 1522 874 1591 conceptu,
889 1513 1108 1575 sententiarum
1120 1511 1222 1590 iacent

103 1647 110 1672 .·
122 1614 265 1688 semina3
283 1611 396 1675 ibidem
413 1610 607 1674 confusiones
621 1621 650 1674 et
665 1611 868 1674 difficultates.
1300 1603 1302 1614 '

170 1711 260 1775 Unde
282 1711 366 1774 nullo
387 1711 478 1774 modo
500 1710 675 1789 probandus
697 1709 817 1772 videtur
838 1711 908 1773 talis
928 1710 959 1774 in
981 1711 1039 1774 hac
1060 1726 1092 1773 re
1113 1727 1220 1790 proce·

125 1809 223 1872 dendi
239 1813 360 1882 modus,
378 1825 438 1888 quo
454 1810 540 1889 prius
557 1832 571 1864 e
585 1809 622 1871 de
638 1819 742 1871 mutuo
758 1816 787 1870 et
806 1824 941 1881 usura»,
962 1809 1220 1888 quemadmodum

42 1910 46 1917 '
124 1908 159 1970 in
176 1908 286 1970 Schola
303 1909 377 1970 olim
399 1908 535 1970 solemne
557 1917 631 1974 erat,
649 1917 765 1987 agatur,
789 1916 819 1970 et
841 1924 900 1986 quo
923 1908 993 1970 dein
1015 1907 1052 1970 de
1073 1908 1220 1971 hodierno

122 2007 247 2070 foenore
263 2008 343 2070 etde
359 2007 606 2087 interpretatione
624 2007 824 2086 legislationis
839 2007 1061 2070 ecclesiasticae
1082 2008 1219 2086 inquira-

123 2115 177 2169 tur
194 2124 203 2168 t
223 2107 255 2168 in
269 2106 365 2185 priori
381 2106 450 2168 talis
466 2105 600 2167 methodi
615 2114 700 2184 parte
715 2114 814 2168 vetera
830 2107 979 2186 principia
995 2107 1086 2169 statui
1107 2107 1216 2180 solent,

125 2207 191 2270 imo
207 2207 368 2286 pecuniam
384 2206 416 2267 in
431 2222 463 2267 se
477 2222 545 2267 esse
567 2205 789 2282 inloecuudam;
808 2207 840 2267 in
861 2207 955 2268 altera
974 2222 1044 2268 vero
1068 2205 1218 2268 subintro-

125 2304 282 2368 ducuntur
304 2321 381 2367 nova
407 2305 558 2383 principia
583 2303 620 2366 de
646 2305 767 2384 capitali
794 2312 824 2367 et
846 2305 883 2368 de
905 2305 1032 2385 pecunia
1055 2321 1135 2367 nunc
1154 2304 1218 2381 jam

124 2403 272 2467 ioecunda
288 2405 402 2466 edecta.
420 2405 532 2466 Annon
547 2404 588 2465 ita
604 2403 728 2482 quidam
746 2403 920 2466 adstruatur
939 2402 1118 2477 dualismus,
1137 2403 1217 2481 dijn-

125 2505 247 2568 dicetur
262 2520 296 2564 ex
313 2503 522 2582 sequentihus.
541 2502 599 2566 Sed
619 2504 738 2578 saltem,
756 2521 792 2565 ex
812 2504 869 2566 hac
891 2505 957 2583 ipsa
979 2503 1119 2566 methodo
1143 2519 1216 2566 con-

126 2605 268 2667 firmatur
283 2601 464 2665 hodiernum
476 2603 513 2666 de
528 2603 662 2665 auctario
677 2604 884 2681 quaestionem
901 2603 1013 2666 directe
1024 2604 1056 2666 in
1068 2610 1216 2682 conceptu

125 2702 269 2783 capitalis
284 2709 314 2763 et
324 2703 470 2781 pecuniae
482 2701 549 2763 niti.
564 2700 694 2780 ideoque
704 2701 836 2764 eundem
848 2709 1026 2781 conceptum
1042 2708 1217 2763 accuratum

126 2810 156 2863 et
170 2800 333 2880 probatum
349 2816 385 2862 ex
400 2799 537 2878 professo
553 2809 582 2860 et
597 2799 708 2862 directe
723 2799 940 2878 inquirendum
955 2815 1021 2862 esse
1043 2814 1210 2861 censemus.

124 2900 254 2962 Nullum
269 2908 411 2978 systema,
430 2901 492 2962 sive
508 2910 641 2962 veterum
657 2900 720 2962 sive
736 2901 911 2974 recentium,
930 2918 947 2963 a
968 2901 1063 2980 priori
1084 2901 1214 2980 suscipi-

125 3013 197 3060 mus
222 2999 489 3079 propugnandum,
517 3000 582 3070 sed,
610 3001 646 3088 de
669 3000 784 3062 nullius
809 3001 933 3063 veritate
959 3001 1211 3081 praeiudicantes,

125 3098 269 3160 volumus
294 3089 359 3161 tum
381 3108 516 3161 veterum
539 3106 602 3160 tum
629 3099 793 3162 recentium
816 3100 948 3163 theorias
970 3100 1006 3163 de
1031 3101 1160 3181 pecunia
1184 3108 1214 3164 et

127 3195 250 3275 capitali
273 3196 434 3276 inspicere,
455 3206 489 3259 ut
509 3196 618 3258 exinde
640 3197 843 3260 immutahilia
863 3199 1042 3261 hauriantur
1063 3200 1215 3279 principia

126 3308 161 3356 ac
175 3303 351 3374 conceptus
369 3296 551 3374 sapientium
567 3295 676 3358 deinde
689 3295 803 3374 iudicio
824 3297 975 3374 adiunctis
993 3306 1163 3379 temporum
1186 3307 1216 3362 et

127 3388 263 3455 locorum
279 3392 471 3473 applicanda.
