3242 4959
400 465 476 538 '228
776 491 850 538 ruas
864 491 985 537 aurunt.
1003 491 1082 537 sacr.
1100 493 1133 538 u.

409 664 570 742 praeterea
589 657 697 735 valori,
718 657 825 722 eodem
845 655 937 722 modo
960 673 1026 722 are
1040 658 1167 740 physica
1181 657 1345 734 abstracto,
1363 658 1512 741 ipsamm

413 774 515 822 rerum
540 755 788 840 productivarum
813 758 976 838 qualitates
1001 768 1031 821 et
1055 766 1196 821 naturam
1222 757 1353 822 induunt
1374 776 1384 822 ε
1409 776 1511 840 quam

413 857 594 922 sententiam
615 857 672 921 sub
688 857 742 920 illo
757 865 881 938 aspectu
896 857 929 919 in
944 858 972 920 1⁸
983 857 1122 921 sectione
1137 857 1259 921 obviam
1274 858 1440 922 habuimus
1450 861 1499 937 (a).

413 957 495 1031 Quae
510 963 611 1019 autem
627 955 664 1018 de
678 955 831 1037 praesenti
846 954 991 1036 opinione
1006 954 1148 1032 dicimus,
1165 972 1183 1019 a
1199 955 1317 1020 fortiori
1336 956 1383 1019 illi
1400 957 1510 1039 appii·-

414 1063 530 1119 centur.
943 1075 945 1077 ¹

453 1152 626 1218 Mirandum
641 1168 766 1233 prorsus
780 1151 901 1217 videtur
914 1153 1067 1234 quomodo
1083 1153 1158 1217 tales
1173 1153 1359 1218 subtilitates
1374 1162 1419 1218 tot
1432 1159 1510 1218 tau--

412 1263 572 1333 torumque
587 1251 745 1333 ingenium
768 1251 944 1316 fefellerint.
968 1253 1089 1316 Etenim
1107 1267 1196 1316 ‹non
1219 1252 1304 1317 aliud
1325 1261 1422 1334 agunt
1441 1254 1510 1318 nisit

412 1351 493 1432 quod
519 1351 640 1415 lictione
665 1351 830 1414 obscurant
855 1352 1011 1415 veritatem
1037 1352 1173 1434 planam,
1200 1368 1278 1432 quae
1302 1352 1363 1415 huc
1387 1351 1499 1417 redit:

411 1450 628 1514 mutuatarium
644 1449 774 1530 oblipori
795 1450 833 1513 ad
849 1450 1044 1526 solvendum;
1068 1451 1215 1515 creditori
1232 1468 1304 1533 ergo
1327 1461 1511 1534 competere·

411 1549 543 1629 nonius
565 1550 598 1613 in
620 1565 653 1613 re
674 1549 728 1613 sed
743 1551 798 1630 jus
820 1550 860 1613 ud
883 1569 958 1615 rent.
983 1553 1038 1616 Cui
1058 1553 1130 1632 juri,
1154 1568 1249 1633 quum
1273 1553 1349 1616 insit
1373 1554 1501 1634 aliquod

411 1649 531 1732 pondus
546 1648 673 1730 dignum
689 1650 910 1727 aestimatione,
926 1659 1017 1732 prout
1027 1652 1098 1732 plus
1112 1651 1158 1715 rel
1171 1651 1276 1715 minus
1289 1661 1369 1716 certa
1380 1652 1512 1717 videtur·

411 1749 563 1831 promissa
589 1748 711 1825 solutio,
740 1749 807 1812 ideo
837 1759 1028 1830 computatur
1056 1751 1135 1814 inter
1162 1751 1242 1815 bona
1267 1752 1447 1831 patrimonii
1475 1761 1503 1817 et

410 1847 524 1910 notorio
548 1847 672 1910 nomine
697 1847 851 1928 designari
878 1857 1006 1929 potest»
1031 1852 1078 1928 (a).
1107 1851 1145 1914 lit
1168 1849 1207 1913 ad
1232 1857 1347 1915 textum
1372 1852 1502 1915 citatum

411 1949 446 2010 P.
476 1948 622 2011 Ballerini
644 1948 726 2028 quod
751 1949 869 2024 attinet,
894 1957 1008 2030 quauta
1033 1951 1171 2015 omnium
1195 1950 1349 2015 conlusio!
1373 1951 1499 2032 Utique,

412 2045 602 2110 concedendo
615 2054 766 2110 monetam
779 2055 875 2123 tuam,
888 2049 935 2110 ris
946 2065 1125 2112 conservare
1137 2056 1166 2112 et
1177 2065 1338 2112 conservas
1350 2049 1508 2126 valorem,

411 2146 437 2208 si
454 2146 586 2210 valorem
607 2146 753 2227 intelligis
770 2147 820 2225 jus
835 2147 873 2210 ad
888 2163 963 2223 rem,
982 2149 1013 2212 id
1028 2155 1075 2212 est
1089 2149 1116 2211 si
1131 2149 1266 2212 valorem
1286 2165 1375 2211 cocus
1397 2148 1501 2212 chiro-

410 2246 560 2326 graphum
581 2246 705 2327 aliquod
726 2246 860 2311 valorem
876 2256 1014 2311 monetae
1030 2248 1143 2312 realem
1158 2263 1227 2311 vere
1246 2253 1508 2329 repraesentantes

410 2345 463 2408 sed
477 2344 625 2419 uicissim,
643 2343 835 2409 concedendo
854 2346 1084 2426 «chirographa
1101 2353 1154 2409 aut
1175 2346 1291 2409 litteras
1312 2345 1425 2410 cambii
1450 2355 1513 2410 aut.

410 2441 548 2518 schedas,
566 2451 623 2506 etc.
641 2443 655 2499 i
673 2453 702 2506 et
716 2458 779 2505 non
798 2450 951 2506 monetam
973 2452 1069 2519 tuam,
1094 2460 1255 2508 conservas
1275 2443 1410 2507 valorem
1432 2460 1501 2508 mo·

409 2550 496 2604 neme
511 2541 636 2617 realem,
655 2549 684 2604 et
705 2540 804 2604 credis
826 2541 950 2621 aliquod
971 2543 1095 2624 aquom
1116 2541 1197 2604 baruc
1218 2541 1352 2605 valorem
1373 2559 1510 2623 reparac-¹

409 2645 545 2702 scntuos.
1273 2656 1279 2660 ⁴·

374 2739 375 2742 ’
452 2739 526 2814 Quis
548 2754 610 2802 non
635 2737 716 2801 videt
738 2739 871 2802 valorem
894 2739 1006 2802 realem
1028 2757 1094 2804 esse
1116 2741 1149 2804 in
1172 2742 1302 2822 pecunia
1319 2742 1458 2824 positum
1473 2749 1509 2806 et

410 2855 427 2901 a
449 2837 577 2917 pecunia
600 2836 853 2916 inseparabilem?
874 2837 960 2912 Quod
981 2840 1159 2918 praesertim
1184 2848 1267 2920 patet
1287 2840 1421 2904 secunda
1443 2841 1503 2906 hac

409 2935 567 3016 hypothesi
586 2953 593 2998 :
611 2950 671 3015 qua
683 2942 837 2999 monetam
849 2947 932 2999 tuam
944 2937 1068 3016 physice
1083 2946 1112 3000 et
1123 2937 1223 3018 quoad
1235 2937 1370 3002 valorem
1384 2939 1501 3003 realem

410 3035 443 3097 in
464 3050 534 3098 arca
551 3041 602 3097 tua
617 3035 740 3110 retines,
758 3051 827 3098 cum
851 3036 973 3116 signum
994 3036 1079 3099 illius
1100 3036 1388 3117 repraesentativum
1410 3037 1500 3102 alteri

411 3133 520 3197 credis.
534 3135 618 3198 Num
632 3133 756 3214 siquam
771 3134 830 3198 hoc
845 3135 942 3198 cuivis
956 3135 1081 3199 haberet
1092 3135 1339 3199 commutationis
1350 3136 1499 3214 valorem,

410 3234 471 3297 nisi
493 3246 527 3298 tu
547 3235 734 3298 voluntatem
755 3234 884 3297 haberes
905 3234 1006 3316 ipsum
1026 3235 1160 3298 valorem
1181 3239 1447 3315 repraesentatum
1472 3241 1502 3298 et

413 3331 525 3395 realem
541 3333 694 3396 exhibenti
717 3333 840 3413 signum
862 3332 1027 3412 aliquando
1048 3333 1242 3413 praestandi?
1256 3333 1395 3407 -Quod
1415 3334 1501 3398 idem

413 3432 610 3495 confirmatur
628 3433 727 3513 prima
749 3433 921 3513 hypothesi,
943 3449 1003 3513 qua
1024 3441 1178 3497 monetam
1198 3433 1322 3513 physice
1342 3434 1503 3510 coucediS,

412 3530 466 3593 sed
481 3530 594 3594 valoris
609 3531 701 3594 realis
724 3531 847 3612 signum
868 3531 949 3595 reale
972 3532 1029 3596 tibi
1054 3548 1226 3596 conservas.
1246 3533 1315 3596 «ht
1335 3547 1384 3595 res
1407 3533 1506 3596 veluti

412 3647 506 3694 manu
520 3632 660 3712 palpetur
674 3653 702 3707 u,
720 3641 753 3693 ut
772 3631 815 3695 ait
834 3633 869 3694 Ρ.
888 3632 1033 3695 Ballerini
1055 3633 1096 3712 (p.
1114 3632 1196 3708 638),
1219 3631 1324 3694 mittas
1344 3640 1511 3695 monetam*

411 3739 495 3792 tuam
517 3729 744 3792 inAmericam
763 3747 770 3792 :
788 3729 962 3793 nullatenus
977 3730 1110 3794 alienare
1131 3729 1265 3793 intendis
1286 3729 1421 3793 valorem
1444 3746 1501 3810 pe·

411 3826 517 3890 cuniae
540 3833 620 3902 tuae,
642 3826 771 3907 capitale
789 3833 886 3902 tuum,
910 3827 1024 3891 bonum
1046 3842 1098 3891 seu
1123 3827 1325 3892 substantiam
1345 3827 1508 3904 fortunae,

412 3925 465 3990 sed
492 3941 526 3988 ea
549 3925 652 3988 omnia
673 3925 728 3988 tibi
750 3925 874 4003 retines,
898 3942 967 3990 cum
992 3927 1154 4008 pecuniam
1176 3926 1301 4008 physice
1323 3927 1392 3990 navi
1414 3942 1510 3990 com·

443 4145 477 4207 tl)
494 4144 531 4201 dl.
545 4159 638 4212 supra.
651 4159 678 4212 p.
692 4145 810 4202 too-tlt.
1050 4206 1053 4212 ,

443 4228 477 4291 (ll
493 4231 531 4285 lta
542 4229 571 4286 P.
584 4230 774 4295 Vuunuuuscu,
787 4245 829 4295 op.
842 4246 876 4296 a,
889 4246 916 4298 p.
931 4231 989 4288 too.
