3242 4959
446 497 510 544 cur.
528 499 561 544 rr.
578 497 615 544 nn
630 498 793 544 conrmcru
808 499 933 561 cnunrrr.
1173 479 1231 546 ast

143 667 264 740 oportet
278 668 312 724 ut
326 661 444 725 lucrum
460 677 584 724 cessans
598 661 721 742 singulo
736 662 769 723 in
784 677 856 724 casu
872 661 1028 742 probetur,
1046 678 1102 726 nee
1117 669 1235 742 oportet

143 766 179 820 nt
190 774 332 839 expresse
347 759 384 822 de
399 758 506 822 eodem
521 759 659 839 stipulati
675 759 746 821 sint.

185 859 222 922 Et
250 859 325 922 haee
353 857 477 938 quidem
505 858 661 922 conclusio
690 875 726 921 ex
755 858 915 938 principiis
945 859 1090 938 expositis
1119 860 1230 936 oritur;

142 964 245 1021 atvero
261 958 415 1021 conclusio
428 958 513 1020 nulla
528 957 624 1020 oritur
635 957 776 1037 amplior.
791 959 895 1037 ltaque
907 958 1086 1036 attingimus
1097 959 1233 1039 aliquam

142 1056 326 1118 sententiam
342 1055 506 1119 hodiedum
521 1056 553 1118 in
569 1056 720 1136 theologia
736 1055 824 1119 valde
839 1056 982 1119 usitatam
1000 1073 1007 1120 :
1025 1056 1063 1121 de
1077 1073 1137 1137 qua
1152 1073 1234 1120 nunc

138 1154 299 1235 agendum
314 1163 371 1217 est.

175 1387 213 1435 B.
225 1385 272 1436 De
289 1383 385 1436 titulo
402 1384 486 1436 lueri
502 1385 662 1437 cessantis
679 1385 767 1436 etde
784 1383 1010 1436 aestimatione
1033 1384 1198 1435 communi.

186 1557 341 1619 Sententia
365 1555 418 1618 illa
438 1557 484 1633 (rt,
507 1556 647 1635 quamuis
671 1555 820 1631 adstruat,
844 1555 1019 1635 etquidem
1045 1555 1230 1630 necessario,

143 1655 267 1718 titulum
289 1656 364 1718 lueri
387 1657 534 1720 cessantis
555 1656 720 1719 hodiedmn
742 1657 885 1720 omnibus
910 1657 1075 1736 praesumi,
1099 1665 1233 1720 attamen

144 1851 273 1905 toootiorre
284 1851 407 1917 capitalis
420 1851 500 1908 realis
512 1851 697 1918 probavimus,
708 1850 782 1907 nulla
792 1851 938 1907 difficultas
946 1856 988 1907 est
997 1851 1032 1907 de
1041 1853 1125 1906 trebio
1136 1855 1234 1916 pamas

143 1933 258 1990 foenoris
277 1934 422 2000 speciebus
442 1954 448 1990 :
468 1934 542 1990 unde
560 1934 594 1989 de
612 1934 693 1990 titulo
715 1935 784 1990 lucri
804 1935 937 1989 cessantis
956 1935 993 1990 ibi
1013 1949 1069 1991 non
1086 1936 1186 2000 agitur.
1203 1937 1234 1990 ln

140 2023 241 2081 quarta
253 2017 344 2082 specie
355 2016 497 2073 manifeste
510 2017 626 2073 habetur
641 2021 798 2072 contractus
815 2020 1030 2079 assecurationis,
1049 2017 1097 2083 uui
1117 2031 1152 2072 ne
1172 2030 1234 2082 pro-

144 2096 331 2154 ductivitatem
347 2097 460 2164 cuidem
477 2112 568 2154 veram
587 2099 728 2164 supponit,
748 2099 796 2154 sed
816 2099 1005 2155 tantummodo
1024 2100 1144 2165 pretium
1161 2113 1233 2154 corn-

143 2180 311 2244 pensotionis
333 2179 424 2234 damni
448 2179 554 2236 incerti.
582 2181 679 2239 Quinta
706 2181 812 2246 species
838 2181 1002 2247 plerumque
1031 2180 1176 2236 reducitur
1198 2179 1233 2235 ed

30 2293 31 2326 1
137 2264 314 2316 -contmctum
337 2264 498 2326 censualem,
519 2276 569 2328 per
592 2277 622 2318 se
645 2261 817 2328 lrugilerum.
841 2265 960 2329 Septima
983 2265 1089 2328 species
1111 2263 1234 2318 eontinet

138 2347 314 2400 contractum
337 2345 457 2410 aliquem
479 2349 627 2409 societatis,
652 2347 709 2401 sive
732 2346 900 2411 simplicem,
930 2359 992 2401 cum
1020 2345 1232 2400 «amicharius»

144 2427 302 2482 universum
316 2427 469 2492 periculum
481 2429 565 2483 sortis
576 2433 604 2484 et
617 2428 686 2484 luori
699 2429 823 2494 suscipit,
837 2428 895 2484 sive
906 2427 999 2494 alicua
1011 2426 1093 2484 modo
1105 2428 1233 2483 «trinum

30 2493 31 2542 l
136 2513 346 2571 contractum».
359 2525 423 2566 cum
435 2511 556 2577 possidet
568 2529 583 2559 «
591 2512 712 2567 actiones
724 2512 940 2578 privilegiatos»,
952 2512 995 2568 vel
1007 2511 1089 2566 etiam
1107 2510 1231 2576 «obliga-

139 2593 255 2654 ‘tioneso
268 2614 274 2649 :
288 2595 413 2661 quamvis
425 2609 490 2651 sane
503 2596 530 2650 in
542 2596 643 2652 talibus
655 2595 841 2652 contractibus
852 2595 955 2651 abusus
967 2608 1114 2650 occurrere
1124 2595 1232 2660 possint

137 2689 263 2742 duorum
281 2691 362 2732 causa
380 2677 447 2732 olim
465 2692 670 2745 nonnumquam
688 2677 894 2741 damnabantur,
907 2680 1027 2732 attamen
1039 2690 1094 2731 non
1105 2676 1231 2732 videmus

30 2789 31 2840 3
137 2770 193 2813 cur
205 2758 234 2813 in
246 2771 275 2814 se
288 2759 376 2815 illiciti
390 2760 611 2826 reprobarentur.
623 2759 697 2815 Unde
709 2763 799 2815 manet
813 2763 918 2814 tantum
926 2757 968 2812 vel
983 2758 1142 2823 praesertim
1154 2760 1230 2813 sexta

142 2841 249 2904 species
267 2839 390 2905 lmnoris,
403 2841 438 2897 de
456 2857 509 2909 uua
527 2843 652 2908 quaestio
670 2841 739 2898 lucri
758 2841 889 2896 cessantis
907 2843 1025 2905 ponatur
1043 2859 1050 2894 ι
1071 2840 1192 2906 insuper.
1206 2840 1229 2894 si

30 2891 32 2942 l
136 2921 287 2978 casuistioe
311 2923 467 2990 inquirendi
490 2925 570 2980 nobis
593 2937 670 2979 mens
693 2926 778 2987 esset,
809 2923 921 2988 possent
945 2935 1150 2987 nonnumquam
1172 2921 1228 2985 alii,

143 3007 251 3069 praeter
269 3005 374 3062 nudum
393 3009 529 3070 mutuum,
549 3009 706 3061 contractus
725 3005 769 3060 hic
787 3004 909 3070 probari.
927 3002 1102 3065 -Proinde,
1122 3002 1145 3058 si
1164 3001 1230 3057 haec

136 3087 234 3141 omnia
253 3101 318 3153 prae
335 3088 423 3143 oeulis
442 3087 602 3151 habeantur,
615 3101 695 3152 aegre
713 3087 775 3153 anis
792 3100 891 3152 negare
908 3089 1009 3152 posset,
1024 3085 1052 3139 in
1064 3099 1126 3138 uero
1138 3091 1229 3165 maluo

143 3166 293 3224 hodiedum
313 3169 420 3225 lucrum
438 3183 546 3225 cessans
564 3169 714 3225 universim
733 3169 870 3235 praesumi
883 3187 890 3223 ε
903 3168 978 3235 quod
996 3167 1172 3233 acaronem
1183 3167 1230 3222 vix

135 3249 176 3305 ab
185 3251 243 3308 ullo
252 3257 363 3307 auctore
372 3256 496 3318 negatur,
507 3266 557 3308 nec
565 3252 599 3307 ab
608 3252 642 3307 iis
651 3255 767 3318 negatur
776 3253 833 3318 aui,
845 3251 994 3308 hodiedum
1003 3250 1093 3313 multi,
1103 3251 1229 3305 assemnt

142 3332 212 3388 hanc
231 3334 384 3399 generalem
404 3335 654 3401 praesumptionem
675 3349 731 3390 non
750 3334 875 3392 sufficere
896 3337 926 3390 ut
948 3335 1099 3400 unicuique
1119 3332 1228 3388 lucrum

30 3417 32 3484 ξ
136 3427 251 3471 cessans
262 3418 464 3482 compensetur.

175 3499 224 3556 liic
234 3501 316 3556 etiam
328 3503 448 3566 notetur,
461 3500 494 3556 ad
508 3499 678 3556 fundandum
690 3500 759 3556 lueri
772 3499 903 3555 cessantis
916 3499 1027 3555 titulum
1040 3511 1095 3553 non
1107 3494 1227 3552 invocari

142 3595 233 3648 posse.
246 3586 278 3639 ut
289 3583 370 3639 nohis
381 3582 498 3648 videtur,
512 3583 602 3639 foenus
620 3583 694 3648 cuod
712 3582 786 3648 alibi,
801 3583 859 3638 sive
878 3583 907 3636 in
925 3585 1023 3637 mutuo
1035 3581 1092 3635 sive
1104 3579 1133 3632 in
1144 3577 1228 3633 socie

30 3681 31 3690 ¹
136 3665 205 3720 tetis
221 3668 371 3729 contractu,
386 3666 554 3732 reciperetur
571 3669 648 3719 anim
665 3681 717 3731 aaa
735 3668 912 3730 compensati)
930 3665 1044 3729 perirati
1060 3663 1141 3715 sortis
1153 3680 1162 3716 :
1174 3659 1229 3715 tale

30 3761 31 3784 ὲ
137 3746 217 3801 enim
228 3745 318 3802 loenus
329 3761 439 3803 cessans
451 3761 506 3802 non
517 3752 590 3803 esset
600 3759 664 3803 vere
676 3750 782 3800 lucram
794 3760 912 3802 cessans.

175 3827 304 3892 Tandem,
317 3827 587 3884 animadvertendum
599 3830 641 3884 est
652 3841 703 3884 nos
714 3841 749 3884 ex
762 3826 840 3884 iactis
852 3826 994 3882 hodiernis
1006 3839 1060 3880 non
1072 3823 1226 3888 desumere,

141 3910 232 3975 quoad
251 3910 359 3966 lucrum
375 3924 494 3976 cessans,
512 3913 756 3976 praesumptionem
769 3911 843 3976 juris
861 3915 886 3963 et
903 3911 1014 3974 dejure
1028 3906 1226 3971 (ebibissent,

137 3998 196 4048 art.
209 4008 243 4058 a,
257 3995 389 4049 Zeitschr.
408 3993 429 4058 s.
448 3995 520 4048 irath.
545 3994 646 4056 Theai,
667 3990 742 4058 1888,
761 4006 787 4057 p.
807 3991 859 4056 lii),
878 3991 927 4047 sed
946 3989 1133 4047 tantummode
1149 4004 1228 4054 prae·

30 4077 31 4104 ³
136 4079 318 4142 sumptione-nr
332 4075 406 4140 faeti.

175 4158 210 4221 (lt
226 4159 264 4214 lle
282 4158 332 4214 hac
350 4158 492 4222 sententie,
512 4156 547 4214 ci.
560 4171 653 4224 supra,
667 4172 694 4223 p.
707 4155 791 4222 9893,
804 4156 852 4213 ubi
869 4155 1025 4222 exponitur,
1038 4155 1066 4210 et
1081 4154 1229 4210 traduntur

140 4239 231 4306 ipsius
242 4241 510 4307 patroni-praecipui.
