3242 4959
349 441 413 487 eur.
430 441 462 487 u.
480 441 624 514 rnrunrrut
639 441 786 489 suenrus
801 442 1000 489 scotusrrcun.
1159 423 1217 492 att

127 658 130 666 .
177 606 264 672 Unde
283 606 423 688 quamvis
443 621 493 670 res
513 605 627 686 aliqua,
645 615 717 686 puta
738 607 879 687 pecunia,
895 614 1014 686 praeter
1035 607 1223 675 substantiae

132 704 268 768 valorem
283 704 414 786 pretium
430 721 504 768 usus
519 703 638 769 nullum
658 704 826 786 possideat,
843 713 944 768 tamen
967 705 1085 785 lucrum
1104 707 1223 785 justum

133 801 173 864 de
193 818 229 866 ea
250 802 330 866 sumi
356 809 467 884 potest,
490 818 545 883 pro
568 803 636 867 utili
660 803 764 866 iahore
786 819 847 883 quo
875 819 923 867 res
948 803 1002 868 iila
1027 803 1219 868 adhibeatur.

131 900 246 964 Verum
267 901 293 964 si
316 900 384 966 ideo
412 909 596 964 assereretur
623 918 672 965 res
701 902 755 965 ida
784 901 848 966 deri
876 919 983 965 oerum
1011 902 1143 982 capitale
1167 919 1222 966 seu

131 999 311 1080 productiva
325 1017 363 1063 cr
378 999 491 1081 seipso,
505 1011 619 1080 quanta
633 1001 771 1068 confusio
787 999 858 1064 inde
874 1001 1021 1064 oriretur!

175 1362 291 1436 Quodsi
314 1363 407 1444 igitur
431 1365 479 1428 vis
505 1363 620 1429 laboris
645 1363 765 1427 lucrosa
791 1361 1005 1426 manifestatur
1029 1363 1130 1442 quoad
1154 1374 1220 1426 rem

132 1475 212 1539 quae
226 1477 281 1541 per
294 1476 327 1524 se
342 1470 387 1525 est
402 1461 525 1537 sterilis,
543 1461 650 1525 eodem
671 1459 762 1524 modo
783 1458 902 1524 ostendi
922 1467 1025 1540 posset
1039 1460 1140 1539 quoad
1155 1476 1220 1524 rem

133 1574 212 1637 quae
227 1573 282 1639 per
295 1574 327 1622 se
342 1566 388 1622 est
402 1557 589 1638 productiva,
608 1559 661 1623 sed
676 1575 765 1639 quae,
782 1558 822 1622 oh
837 1557 978 1635 adiuncta
998 1557 1056 1622 loci
1072 1558 1119 1622 vel
1140 1565 1218 1622 tem-

132 1657 219 1737 poris
244 1655 454 1733 accidentalia,
481 1657 593 1738 partim
614 1658 660 1721 vel
682 1656 815 1722 totaliter
839 1655 1018 1720 infoecunda
1043 1656 1077 1720 dt
1102 1674 1111 1720 ε
1138 1654 1220 1736 quod

133 1755 267 1818 breviter
280 1754 461 1819 indicemus.

174 1853 265 1934 Apud
292 1854 470 1918 scolasticos
497 1854 615 1918 seilicet
642 1855 747 1934 quaeri
774 1856 851 1919 sodet
878 1861 1011 1918 «utrum
1038 1854 1151 1919 locator
1176 1855 1220 1918 rei

131 1951 298 2033 frugiferae
327 1959 466 2016 teneatur
493 1953 645 2017 remittere
674 1953 711 2017 de
740 1954 888 2033 pensione
916 1962 1075 2028 conventa,
1103 1954 1130 2016 si
1159 1963 1221 2019 ste-

131 2051 233 2116 rilitas
248 2054 294 2117 vel
317 2054 485 2127 calamitas,
510 2054 624 2134 absque
639 2054 729 2134 culpa
750 2053 954 2128 conductoris,
972 2053 1154 2117 obvenerit»
1173 2055 1218 2130 (t).

131 2151 313 2215 Excluditur
323 2151 500 2232 hypothesis
514 2168 574 2232 qua
588 2159 711 2232 pactum
726 2152 766 2215 sit
780 2152 860 2214 inter
874 2151 1085 2215 contrahentes
1101 2158 1134 2214 ut
1145 2167 1218 2215 con-

132 2249 241 2313 ductor
261 2249 370 2328 quovis
391 2265 463 2313 casu
483 2249 615 2329 pretium
637 2250 797 2313 locationis
817 2248 914 2313 solvat
937 2265 945 2311 ε
971 2249 1115 2312 «locator
1133 2249 1217 2311 enirn

131 2349 197 2430 agri
213 2347 332 2412 videtur
346 2348 475 2412 vendere
490 2349 598 2413 colono
613 2347 740 2422 fructus,
757 2364 835 2428 quos
853 2349 919 2429 ipse
934 2364 989 2412 suo
1005 2347 1088 2411 cultu
1102 2356 1132 2410 et
1146 2346 1218 2411 dili·

131 2446 235 2528 gentia
264 2446 373 2527 poterit
401 2447 573 2527 percipere3
605 2456 634 2510 et
663 2446 777 2510 locator
806 2447 933 2522 domus,
964 2461 1054 2509 usum
1087 2445 1216 2522 domus,

131 2545 212 2609 uude
239 2546 319 2610 sicut
343 2545 386 2609 rei
412 2553 530 2626 emptae
554 2547 724 2627 perieulum
749 2553 795 2609 est
819 2546 978 2625 emptoris,
1003 2545 1045 2608 ita
1067 2545 1158 2608 etiam
1182 2561 1220 2608 ex
1328 2590 1330 2595 ,

130 2654 240 2710 natura
261 2646 351 2724 hujus
373 2655 555 2721 contractus,
577 2647 746 2729 periculum
769 2647 921 2711 fruetuum
943 2654 990 2709 est
1010 2645 1215 2722 conductoris,

131 2744 184 2824 qui
196 2753 243 2807 est
253 2745 345 2808 veluti
358 2754 476 2825 emptor
487 2745 611 2808 illorum
623 2767 636 2801 ε
646 2746 819 2822 (piverum,
833 2745 888 2807 illa
898 2744 1057 2825 hypothesi
1069 2743 1214 2823 seposita,

133 2865 147 2899 ι
161 2843 187 2905 si
203 2843 349 2906 sterilitas
362 2843 409 2906 vel
424 2844 585 2908 calamitas
605 2844 677 2906 anni
693 2842 841 2917 situata,
858 2851 892 2906 ut
906 2843 1073 2906 conductor
1087 2842 1163 2905 nihil
1180 2859 1217 2905 ex

131 2956 164 3004 re
178 2941 330 3006 conducta
344 2941 501 3023 pereipiat,
520 2949 579 3005 tota
600 2941 706 3022 pensio
725 2940 908 3004 remittenda
921 2949 978 3016 est,
997 2939 1057 3002 nisi
1073 2939 1162 3003 aliter
1177 2940 1219 3002 sit

131 3047 312 3104 conventum
338 3057 346 3102 ε
371 3049 417 3104 est
440 3040 612 3104 communis
635 3040 716 3103 DD»
740 3042 787 3117 (e).
812 3040 940 3120 Insuper
965 3039 1129 3103 admittunt
1154 3038 1219 3103 fere
1304 3069 1307 3075 ·

131 3138 342 3212 communiter,
362 3138 417 3200 «si
433 3136 676 3218 deprehendatur
690 3137 772 3217 quod
790 3137 956 3200 conductor
970 3153 1033 3200 non
1048 3136 1218 3217 perceperit

131 3235 291 3300 dimidiam
312 3244 428 3317 partem
450 3234 615 3312 fructuum,
631 3237 684 3317 qui
703 3237 906 3302 communiter
927 3254 964 3300 ex
985 3236 1079 3302 fundo
1100 3236 1218 3318 percipi

105 3388 107 3393 ,
132 3342 376 3398 consueverunt:
393 3333 615 3413 tuncaliquarn
637 3350 704 3398 esse
725 3333 895 3398 faciendam
915 3334 1127 3399 remissionem
1141 3350 1216 3415 pen-

132 3432 227 3496 sionis
242 3441 377 3513 prorata
393 3465 406 3495 n
425 3435 471 3510 (4).
488 3434 526 3497 Et
539 3433 657 3498 ratione
672 3434 876 3498 communiter
890 3434 1022 3515 allegata
1036 3434 1068 3498 id
1082 3435 1217 3516 praecise

131 3529 353 3610 comprobatur,
371 3530 452 3610 quod
467 3529 505 3594 de
527 3530 555 3592 vi
579 3531 693 3597 laboris
714 3532 925 3596 asseruimus:
946 3532 1051 3596 «ratio
1070 3539 1126 3604 est,
1143 3530 1215 3612 quia

131 3628 237 3708 pensio
260 3627 405 3693 solvenda
427 3645 464 3692 ex
485 3629 579 3710 agris,
601 3629 653 3709 qui
675 3632 827 3705 coluntur,
844 3631 921 3695 solet
941 3629 1006 3694 fere
1026 3628 1216 3711 aequiparari

163 3840 197 3903 (d)
214 3838 251 3896 of.
265 3839 384 3905 hessius,
395 3854 438 3905 op.
457 3854 492 3906 e,
509 3839 529 3896 l.
547 3841 579 3905 11,
592 3855 616 3897 c.
630 3840 672 3907 od,
685 3840 712 3897 d.
726 3841 755 3908 3;
776 3842 919 3906 wlstanus,
932 3855 973 3907 op.
987 3855 1022 3908 c.‚
1041 3844 1076 3897 tr.
1096 3842 1126 3906 V,
1145 3855 1170 3897 e.
1189 3839 1216 3907 8,

133 3921 251 4068 diget.
265 4005 383 4070 hnssuos‚
395 4005 442 4069 ih,
456 4019 483 4060 n.
498 4005 540 4060 13.

162 4087 196 4151 (3)
212 4086 250 4144 df.
264 4088 383 4151 Lussrus,
396 4087 443 4151 io..
457 4102 485 4143 n.
499 4087 540 4142 15.

162 4170 195 4235 (d)
211 4170 249 4228 dd.
263 4171 406 4237 wiennae,
418 4171 465 4236 ah,
479 4185 506 4226 n.
519 4170 561 4226 91.
