3242 4959
412 453 476 540 218
637 533 640 538 ι
784 472 1127 522 presumsissent.
1174 495 1202 533 4

416 655 478 704 non
499 637 675 705 dubitamus
695 639 853 722 problema
873 655 997 721 ponere,
1019 646 1053 704 ut
1066 648 1137 704 ante
1151 640 1314 704 excitatam
1332 639 1500 721 ponebatur

415 740 651 805 controversiam
662 740 708 818 (r),
720 755 758 802 ue
769 738 888 819 aliquid
899 739 1061 820 probatum
1071 746 1261 820 supponatur
1271 738 1353 820 quod
1365 739 1500 820 praecise

413 838 455 903 sit
469 839 650 918 subjudice,
668 855 708 903 au
722 839 840 903 scilicet
853 854 1024 919 quanamve
1038 838 1156 902 ratione
1170 838 1326 919 legitimus
1345 839 1398 903 dat
1418 848 1500 902 trau·

413 936 525 1001 111111
540 937 772 1018 productivitate
787 937 928 1018 capitatis
942 937 982 1000 ad
997 937 1143 1018 peorniae
1156 937 1338 1001 auctarium.

455 1035 571 1100 Deinde
592 1045 623 1102 01
642 1036 833 1118 praesertim.
850 1035 1027 1115 quaestione
1041 1051 1061 1100 a
1074 1034 1230 1100 modernis
1244 1035 1286 1099 ita
1301 1035 1498 1116 transposita,

412 1135 553 1214 sequitur
578 1136 661 1200 circa
688 1135 787 1216 ipsum
816 1133 960 1214 capitatis
983 1134 1119 1198 notionis
1142 1135 1449 1215 comprehensionem
1473 1142 1502 1198 et

415 1233 635 1309 extensionem,
648 1233 817 1297 maximum
829 1233 930 1313 vigere
941 1231 1106 1296 discrimen
1118 1232 1198 1296 iuter
1208 1232 1368 1296 scientiam
1381 1231 1503 1298 moder·

415 1347 487 1394 nam
508 1341 537 1395 et
558 1332 760 1397 scolasticam.
785 1332 861 1396 Cum
885 1331 969 1394 enim
991 1329 1075 1410 prior
1095 1330 1150 1394 iiia
1170 1330 1330 1396 formalem
1351 1331 1501 1397 rationem

414 1431 556 1511 capitalis
570 1432 602 1494 iu
617 1433 675 1496 boc
688 1439 783 1513 ponat
797 1430 880 1510 quod
890 1447 939 1493 reo
950 1429 1057 1510 utiquo
1068 1428 1109 1494 ud
1118 1429 1257 1494 ociorum
1266 1429 1501 1511 productionem
1591 1482 1592 1489 ,

415 1535 590 1606 concurrat,
606 1530 682 1594 baec
697 1545 766 1592 vero
782 1529 877 1592 attera
891 1527 924 1590 iu
939 1528 998 1593 boc
1011 1526 1093 1608 quod
1108 1545 1157 1591 reo
1171 1525 1281 1591 babent
1295 1545 1387 1592 mum
1407 1529 1500 1592 oesti-

415 1628 558 1692 mabilem
579 1647 598 1691 o
617 1629 719 1710 seipso
738 1627 973 1702 discernibilem
991 1627 1087 1707 liquet
1099 1627 1275 1691 nullatenus
1288 1627 1412 1692 easdem
1426 1644 1500 1694 con-

414 1727 528 1790 sentire
542 1727 576 1790 11
590 1714 682 1790 'rebus
696 1726 812 1791 eisdem
826 1725 987 1806 conceptui
998 1725 1140 1806 capitalis
1153 1725 1373 1805 supponendis.

454 1825 586 1890 Proinde
600 1825 762 1906 praecipue
777 1823 991 1904 exponendum
1005 1833 1152 1888 remanet·
1162 1824 1195 1886 iu
1213 1823 1348 1889 secunda
1361 1823 1500 1888 sectione

413 1923 598 2004 quibusnam
614 1923 750 2002 obiectis,
764 1932 794 1986 ct
808 1938 942 2003 quonam
958 1921 1015 1986 sub
1029 1930 1179 2002 respectu,
1193 1923 1256 1986 veri
1267 1921 1409 2002 capitatis
1422 1922 1499 1986 ratio

413 2023 455 2086 sit
469 2023 661 2104 applicanda,
679 2023 865 2104 quibusnam
880 2039 950 2088 vero
965 2039 1038 2087 non.
1059 2024 1125 2097 Quo
1140 2022 1232 2099 iacto,
1248 2032 1357 2103 sponte
1368 2022 1434 2100 jam
1449 2039 1500 2086 na-

415 2128 484 2186 tura
497 2131 681 2200 contractus,
695 2139 755 2204 quo
766 2122 821 2185 illa
832 2122 916 2186 varia
926 2121 1044 2202 objecta
1055 2122 1142 2186 atteri
1152 2122 1496 2199 creduntur,elucesoet.

445 2337 480 2401 (t)
497 2336 573 2394 Unde
589 2336 754 2394 assentimur
771 2336 981 2392 bonu-unwina
998 2335 1129 2392 scribenti
1145 2337 1197 2402 (op.
1209 2351 1244 2400 c..
1256 2337 1278 2401 1,
1292 2351 1318 2402 p.
1331 2335 1389 2399 599)
1402 2354 1411 2392 2
1423 2354 1441 2386 u
1451 2336 1498 2393 das

411 2419 630 2486 Ziusproblem...
643 2418 758 2484 1111110,
770 2418 1009 2476 dariuberbestebt
1021 2419 1083 2475 kein
1101 2417 1222 2484 zweiiel‚
1240 2418 1287 2474 eiu
1304 2417 1433 2475 Problem
1449 2417 1498 2474 der

412 2503 710 2570 commonuerimus
730 2507 757 2559 at
768 2516 825 2559 non
844 2503 1010 2559 assentimur
1027 2503 1090 2568 ipsi,
1109 2503 1340 2568 cumrestrtnrat
1358 2501 1498 2570 problema

412 2584 446 2642 ad
458 2585 680 2643 distributionem
691 2599 787 2642 eorum
799 2585 937 2641 bonorum
948 2584 1020 2640 «des
1032 2584 1243 2648 diterstromes,
1256 2584 1307 2641 der
1321 2583 1438 2652 jibrlicb
1450 2598 1498 2640 aus

413 2667 463 2725 der
474 2668 629 2724 untionaien
641 2667 810 2724 Produktion
822 2667 898 2723 eines
909 2665 1008 2722 volites
1019 2665 1135 2733 quirit.»
1147 2666 1274 2732 Quaestio
1290 2667 1365 2722 enim
1382 2665 1498 2732 amplior

412 2751 534 2817 ponitur,
553 2761 617 2807 curu
634 2764 691 2806 non
707 2751 814 2805 1011111
831 2749 960 2815 respiciat
976 2746 1201 2810 distributionem
1218 2762 1354 2804 nouorum
1374 2747 1497 2804 volonum

412 2832 621 2900 productorum.
634 2831 682 2889 sed
693 2845 775 2888 omne
786 2832 986 2888 incrementum
997 2829 1084 2898 qnod,
1102 2831 1201 2898 quovis
1218 2830 1301 2888 titulo
1318 2830 1452 2897 legitimo,
1464 2830 1497 2886 ab

411 2929 469 2972 uno
480 2915 514 2972 ad
525 2914 647 2982 mpitalis
658 2929 690 2971 ao
701 2915 833 2982 pecuniae
845 2927 1032 2982 possessorem
1043 2915 1171 2970 transeut.
