3242 4959
420 412 480 476 106
789 427 997 474 3333333331.
1015 427 1093 472 seor.
1111 428 1132 472 r.

415 593 579 660 modernae
591 593 763 669 societatis,
780 600 811 656 et
830 593 954 673 quidem
977 592 1148 657 necessario
1170 609 1206 656 ex
1228 593 1353 656 mutatis
1374 590 1510 672 produc-

414 691 509 755 tionis
520 691 735 767 caracteribus,
746 692 883 754 valorum
893 691 1051 755 circulatio
1059 690 1192 754 lactaest
1203 690 1361 766 lacillima,
1371 690 1511 768 adeoque

416 791 483 871 ipsa
498 790 578 853 bona
592 790 680 852 valde
695 789 834 852 mobilia.
851 788 897 852 Ad
912 806 1003 870 quam
1019 788 1197 853 facilitatem
1208 789 1417 853 circulationis
1428 787 1511 850 diri-

416 890 588 969 liammque
602 890 805 953 mobilitatem
818 890 1026 965 obtinendam,
1041 890 1175 971 primum
1188 890 1322 952 maxima
1332 888 1510 952 extensione

415 989 601 1070 principium
618 989 771 1069 quoddam
783 989 969 1070 applicatum
985 997 1030 1053 est
1041 990 1079 1053 de
1091 997 1198 1052 natura
1211 989 1367 1069 pecuniae,
1377 988 1510 1068 pecunia

414 1087 533 1150 scilicet
547 1087 768 1166 repraesentari
785 1087 857 1150 illos
874 1103 980 1151 omnes
995 1087 1113 1150 valores
1128 1088 1181 1166 qui
1201 1104 1236 1150 ea
1255 1094 1480 1150 commutantur
1498 1101 1507 1148 :

415 1201 486 1260 cum
502 1195 603 1249 autem
619 1186 784 1249 hodiedum
800 1203 903 1248 omnes
918 1187 1037 1250 valores
1059 1186 1198 1265 bonaque
1213 1187 1357 1248 rculoersu
1379 1185 1510 1265 pecunia

416 1283 563 1348 facillime
586 1285 766 1348 commutari
788 1285 918 1364 possint,
936 1285 1006 1348 inde
1023 1285 1158 1366 pecunia
1179 1285 1351 1348 universale
1370 1284 1508 1365 nepotia-

418 1382 513 1444 tiom's
533 1383 774 1446 instrumentum
794 1385 877 1460 [octa
902 1390 956 1446 est.
985 1384 1070 1458 Quod
1096 1384 1288 1464 principium.
1309 1385 1351 1446 133
1374 1383 1507 1462 positum

317 1542 324 1556 ,
414 1481 559 1561 equidem
575 1498 636 1545 non
652 1482 836 1562 perspicitur
851 1482 1002 1562 quomodo
1018 1500 1078 1562 qua
1091 1483 1206 1561 justum
1226 1495 1254 1546 et
1273 1483 1398 1546 omnino
1414 1482 1507 1544 ratio-

417 1580 519 1644 nabile
548 1581 653 1660 negari
675 1590 794 1661 posset;
826 1596 909 1644 mera
938 1591 983 1645 est
1012 1582 1175 1662 applicatio
1197 1582 1340 1662 principii
1372 1582 1410 1644 ab
1439 1581 1506 1660 ipso

410 1678 477 1756 ,jam
502 1679 664 1742 Aristotele
688 1680 792 1759 positi,
816 1687 845 1742 et
867 1679 960 1742 totius
982 1679 1072 1742 llledii
1094 1680 1159 1742 aevi
1186 1680 1313 1743 scientia
1341 1678 1469 1742 admissi
1496 1693 1504 1742 ε

418 1801 432 1836 a
447 1795 538 1842 omne
553 1779 631 1842 illud
646 1796 701 1859 pro
716 1781 846 1859 pecunia
861 1781 989 1844 habetur
1004 1781 1091 1857 cuius
1106 1782 1238 1860 pretium
1259 1789 1357 1860 potest
1378 1777 1506 1860 pecunia

415 1880 618 1941 mensurari»
643 1882 689 1955 (tl.
715 1880 812 1953 eram
835 1879 962 1942 candem
984 1881 1084 1943 ideam
1104 1881 1199 1944 multo
1222 1890 1338 1960 postca,
1362 1879 1420 1942 sub
1449 1878 1505 1940 line

416 1976 534 2056 periodi
556 1978 744 2053 scolasticae,
769 1977 862 2040 refert
887 1977 1018 2040 eximius
1041 1978 1151 2055 jurista
1173 1979 1296 2041 Scaccia
1320 1995 1327 2039 :
1347 1999 1361 2034 r
1379 1975 1506 2056 pecunia

410 2083 464 2137 est
478 2092 631 2150 mensura,
648 2077 753 2155 regula
769 2085 798 2138 el
814 2077 944 2154 prelium
966 2077 1104 2139 omnium
1127 2093 1227 2140 rerum
1250 2076 1415 2150 renalium,
1434 2091 1505 2137 cou-

417 2173 493 2236 tinet
506 2175 539 2236 ln
554 2174 663 2237 virtute
679 2182 708 2236 et
722 2173 852 2237 includit
867 2191 988 2237 omnem
1003 2191 1067 2237 rem
1083 2197 1096 2231 r
1115 2177 1161 2252 (3).

457 2273 567 2335 Verum
597 2288 658 2334 non
687 2280 806 2335 tantum
833 2273 865 2333 in
893 2273 1039 2352 pecuniae
1069 2273 1191 2336 notione
1217 2272 1325 2334 nititur
1350 2272 1505 2335 mobilitas

415 2371 558 2435 ioecuuda
573 2372 734 2445 honorum,
752 2370 805 2434 sed
822 2371 957 2451 insuper,
976 2379 1004 2434 33
1027 2372 1160 2435 maxime
1174 2371 1310 2451 quidem,
1327 2371 1360 2434 in
1382 2387 1503 2434 cecono-

413 2469 493 2532 mica
510 2470 567 2532 lrde
583 2469 709 2546 (credit).
725 2469 815 2532 Fides
829 2471 904 2533 haec
919 2472 1121 2534 essentialiter
1136 2472 1167 2534 in
1183 2472 1240 2535 hoc
1256 2470 1407 2546 consistit,
1424 2469 1503 2549 quod

409 2568 557 2632 creditori
572 2586 627 2632 seu
641 2570 789 2632 honorum
807 2569 1043 2649 divitiarumque
1059 2569 1195 2645 domiuo,
1213 2571 1276 2632 sive
1291 2587 1327 2633 ex
1348 2569 1505 2648 qualitati-

415 2667 473 2731 hus
494 2668 707 2747 personalibus
728 2667 886 2738 debitoris,
909 2669 972 2732 sive
992 2686 1026 2732 er
1046 2670 1174 2749 pignore
1196 2669 1268 2756 puali
1290 2669 1429 2732 talorum
1452 2685 1505 2730 seu
1579 2749 1581 2752 Ι

414 2767 562 2846 pecuniae
578 2767 699 2847 abipso
722 2768 834 2847 posito,
852 2768 1065 2831 certitudinem
1087 2768 1200 2831 tribuat
1221 2769 1301 2831 hona
1322 2767 1504 2846 divitiasque

407 2871 483 2945 post
497 2872 626 2946 tempus,
643 2866 878 2929 determinatum
897 2868 942 2930 331
959 2868 1239 2940 indeterminatum,
1258 2868 1321 2930 sive
1341 2867 1373 2928 in
1394 2866 1505 2946 scipsis

415 2964 479 3026 sire
494 2966 596 3044 potius
611 2966 781 3046 subspecie
803 2967 952 3046 pecuniae
977 2968 1115 3030 omnium
1136 2967 1273 3030 valorum
1296 2973 1505 3045 repraesenta-

413 3062 507 3138 tricis‚
522 3063 632 3125 iterum
647 3065 859 3143 recuperandi.
873 3064 921 3127 Ad
932 3065 990 3128 hoc
1001 3065 1186 3144 principium
1202 3064 1323 3126 tandem
1339 3062 1504 3141 aliquando
1558 3117 1562 3124 .

407 3175 519 3222 omnes
534 3162 612 3224 tituli
632 3161 780 3223 liduciarii
801 3160 997 3236 reducuntur,
1016 3163 1124 3241 quovis
1145 3163 1202 3226 sub
1222 3163 1346 3224 nomine
1368 3161 1502 3228 veniant.

407 3268 443 3320 et
464 3260 604 3338 quamvis
625 3258 755 3322 formam
781 3260 922 3327 induant.
941 3277 1069 3340 quorum
1093 3261 1328 3341 descriptionem
1349 3259 1454 3322 videas
1474 3259 1506 3320 in

408 3357 522 3436 quovis
548 3373 638 3437 opere
667 3357 815 3422 hodierno
841 3358 880 3421 ad
906 3360 1064 3423 scientiam
1092 3360 1311 3424 oeconomicam
1337 3366 1502 3438 spectante.

453 3458 509 3532 lta,
535 3457 561 3517 si
581 3457 746 3520 hodiedum
770 3458 801 3519 in
824 3459 885 3521 vita
907 3459 1061 3522 societatis
1083 3459 1186 3522 omnia
1207 3457 1288 3521 hona
1310 3457 1439 3537 pecunia
1460 3473 1506 3519 re-

411 3565 653 3639 praesentantur,
671 3557 739 3636 ipsa
754 3557 895 3636 pecunia,
910 3557 967 3631 rel,
986 3558 1012 3619 si
1025 3559 1134 3627 mavis,
1149 3558 1218 3638 ipso
1231 3556 1309 3618 bono
1321 3555 1421 3617 titolis
1431 3553 1505 3634 fidel

407 3660 651 3718 commutantur.
670 3655 756 3719 Unde
778 3656 835 3718 hoc
853 3655 1022 3719 secundum
1045 3656 1242 3736 principium,
1265 3670 1325 3734 quo
1346 3653 1503 3717 circulatio

444 3920 479 3982 (l)
498 3920 656 3973 Ettricorum
669 3921 696 3974 L.
712 3921 753 3984 lv,
765 3935 790 3975 3.
804 3922 825 3975 1.
835 3948 868 3956 -
880 3919 917 3976 dt.
931 3920 958 3975 S.
972 3921 1093 3984 Turonas,
1107 3919 1134 3972 1ι
1146 3919 1193 3982 130,
1207 3932 1233 3985 q.
1249 3917 1378 3983 LXXVIII,
1391 3933 1415 3972 3.
1429 3917 1454 3981 1,
1467 3931 1501 3980 3.,
1608 3975 1609 4006 3

410 4016 441 4068 q.
454 4001 549 4065 CXVII,
562 4015 587 4056 3.
601 4001 626 4066 1,
640 4016 664 4056 c.
678 4004 706 4057 33
718 4001 751 4056 ad
763 4002 793 4068 1;
806 4017 834 4068 q.
848 4001 955 4067 cxliii,
968 4015 991 4057 a.
1006 4002 1031 4060 1.
1044 4001 1077 4056 ad
1090 4003 1114 4056 1.
1489 4059 1491 4063 ,

443 4083 477 4145 (1)
494 4081 532 4139 dt.
547 4083 578 4137 11.
594 4083 739 4144 Savarruu.
753 4084 795 4137 Lo
808 4086 909 4139 tde'ora'e
922 4086 1049 4137 moderna
1061 4086 1097 4136 du
1108 4083 1207 4148 capital
1219 4088 1244 4135 rt
1257 4079 1502 4148 1313311333101,

414 4168 489 4221 notu.
