3242 4959
440 444 505 491 car.
522 446 555 491 u.
571 446 609 491 uu
623 445 787 492 conrmcru
802 446 927 493 coaptat.
1166 428 1228 492 28¹1

142 612 235 691 Atqui
258 611 350 678 hodie
372 611 628 691 praesumendum
647 619 695 674 est
713 612 862 692 pecuniae
883 627 974 674 usum
995 626 1061 673 esse
1083 609 1232 689 objectiue

141 710 375 786 aestimabilem,
393 719 422 773 et
438 710 518 789 juste
537 710 742 774 aestimatum.
760 711 871 773 Vemm
893 709 1068 774 addendum
1083 709 1226 773 videtur:

143 810 351 890 praesumptio
366 808 447 872 cedit
460 808 590 871 veritati.

505 1051 518 1125 5
534 1050 572 1112 ll.
597 1050 644 1112 De
659 1048 749 1111 titulo
765 1047 867 1129 depuli.

185 1237 228 1300 lle
246 1237 361 1301 «titulo
377 1237 454 1318 legis
469 1237 596 1300 civilis»
620 1253 673 1300 seu
696 1236 760 1300 «de
775 1236 952 1300 auctoritate
974 1236 1149 1316 principis»
1166 1238 1230 1316 agi·

142 1355 223 1413 mus,
241 1355 304 1402 non
318 1339 405 1418 quasi
422 1338 461 1401 ad
481 1346 593 1402 statum
616 1337 803 1418 quaestionis
827 1335 1009 1400 hodiernum
1030 1335 1130 1399 adhuc
1151 1343 1231 1398 arcte

143 1436 303 1516 pertineat.
320 1437 373 1499 sed
389 1436 568 1516 praesertim
584 1443 616 1498 ut
632 1435 782 1509 notiones,
796 1450 873 1514 quas
888 1442 1026 1496 auctores
1036 1431 1136 1512 quoad
1150 1433 1231 1496 hanc

144 1551 208 1598 rem
224 1535 364 1610 aderunt,
381 1535 480 1615 magis
494 1535 678 1598 elucescant.
696 1534 751 1596 llle
765 1548 871 1596 revera
886 1531 993 1594 titulus
1008 1540 1091 1594 extra
1105 1545 1230 1594 causam

142 1633 205 1712 iam
230 1633 349 1713 positus
374 1631 502 1707 videtur,
525 1648 594 1696 cunr
619 1631 656 1695 de
682 1631 788 1695 eodem
814 1630 938 1694 nonnisi
962 1646 1017 1710 per
1041 1628 1181 1693 accidens
1201 1636 1232 1693 et

145 1733 232 1812 quasi
249 1731 481 1795 admemoriam
500 1740 592 1811 agant
609 1748 617 1795 :
635 1738 665 1794 et
679 1731 786 1794 merito
805 1729 941 1808 quidem,
958 1744 1039 1803 cum,
1056 1728 1232 1808 quaestione

136 1831 225 1911 jeria
239 1829 331 1893 etiam
343 1844 500 1900 concessa,
513 1830 629 1907 sectam
641 1829 744 1909 ipsum
754 1825 929 1905 hujusmodi
943 1827 1030 1906 legis,
1042 1842 1104 1890 nou
1115 1834 1232 1890 tantum

145 1929 350 2009 permittentis
370 1927 424 1991 sed
446 1927 614 1991 auctarium
637 1943 705 1991 vere
726 1927 758 1988 in
779 1943 812 1989 se
832 1925 1003 2006 legitimum
1023 1923 1173 2002 facientis,
1190 1925 1233 1988 ita

143 2034 226 2089 esset
240 2025 368 2106 probatu
384 2025 514 2088 arduum
529 2033 563 2088 ut
576 2024 627 2087 vix
648 2033 793 2103 tanquam
818 2022 999 2086 universalis
1021 2023 1159 2086 omnium
1180 2040 1233 2086 na-

144 2125 263 2189 tionum
284 2125 391 2188 titulus
412 2124 535 2204 agnosci
560 2132 677 2204 posset;
695 2122 808 2186 iactum
823 2123 905 2185 enim
921 2121 1032 2202 pendet
1046 2136 1067 2184 a
1079 2122 1232 2185 voluntate

143 2224 276 2304 positiva
297 2222 411 2302 singuli
428 2221 611 2300 legislatoris
626 2220 766 2302 singulae
781 2220 863 2300 genti
879 2219 1069 2299 imperantis.
1087 2219 1229 2299 ideoque,

146 2322 352 2402 quaestionem
362 2321 436 2399 sueti
448 2320 647 2394 dimittentes,
657 2319 789 2401 priorem
801 2316 1010 2382 tantummodo
1022 2318 1230 2398 quaestionem

143 2419 338 2500 inspicimus.

188 2521 293 2594 Porro,
316 2519 355 2582 ad
380 2519 459 2581 hauc
480 2519 690 2598 quaestionem
711 2526 849 2581 accurate
869 2515 1054 2597 ponendam,
1079 2514 1232 2597 duplicem

146 2616 340 2698 concipiendi
355 2616 481 2680 modum
496 2616 650 2696 imprimis
665 2615 865 2679 excludimus.

191 2716 223 2778 1⁰
243 2717 359 2778 lustam
375 2729 533 2778 censemus
549 2714 647 2795 legem
669 2714 771 2785 talem,
795 2729 855 2792 qua
876 2712 1046 2775 auctarium
1068 2728 1104 2775 ex
1126 2721 1232 2777 mutuo

145 2823 182 2878 ut
206 2813 372 2877 universim
395 2813 512 2892 justum
539 2819 698 2887 statuatur,
726 2811 751 2874 si
777 2811 832 2872 illa
856 2818 1068 2890 supponantur
1091 2809 1232 2889 adiuncta

147 2913 212 2976 sive
227 2910 393 2992 generalia,
411 2910 474 2973 sive
489 2910 579 2973 alicui
595 2910 712 2990 regioni
734 2908 779 2971 rel
799 2909 913 2972 civitati
936 2909 981 2971 vel
1004 2908 1163 2972 homiuum
1184 2925 1235 2989 ge

145 3011 214 3074 ueri
240 3009 399 3090 specialia,
426 3017 460 3072 ut
480 3010 597 3073 lucrum
620 3008 823 3072 communiter
843 3023 962 3071 cessare
983 3009 1091 3072 merito
1109 3023 1234 3088 praesu·

145 3121 259 3175 matur.
279 3112 320 3174 [le
337 3126 396 3190 qua
411 3109 489 3190 lege,
507 3108 620 3172 talibus
634 3109 667 3171 iu
682 3107 844 3185 adiunctis,
858 3107 1028 3170 auctarium
1043 3107 1232 3183 decemente‚

147 3209 256 3273 eodem
271 3224 396 3289 prorsus
410 3208 501 3271 modo
517 3223 552 3271 ac
566 3207 603 3270 de
615 3205 835 3270 consuetudine
846 3205 981 3286 legitima
992 3213 1022 3268 et
1033 3205 1070 3268 de
1080 3205 1235 3269 communi

147 3307 359 3388 aestimatione
372 3306 583 3384 judicandum.
601 3305 688 3370 Unde
707 3304 917 3385 quaestionem
938 3320 1000 3367 non
1020 3312 1158 3368 accurate
1179 3320 1234 3384 po-

147 3415 237 3481 nunt,
254 3404 308 3485 qui
321 3395 373 3467 hic
393 3403 458 3466 ude
480 3404 657 3467 auctoritate
678 3403 827 3484 principis
849 3403 894 3465 vel
920 3402 1138 3467 consuetudine-
1159 3401 1234 3482 legi-

148 3506 251 3568 tima»
283 3510 377 3584 agunt
405 3504 451 3579 lt),
483 3519 552 3566 com
581 3502 618 3565 de
646 3502 749 3565 stricto
778 3501 866 3564 titulo
896 3501 987 3582 legali
1013 3518 1103 3581 agere
1126 3500 1231 3564 velint.

181 3698 217 3762 (1)
233 3699 281 3761 lla,
301 3713 326 3753 v.
343 3712 381 3765 g,
401 3699 429 3755 P.
449 3702 479 3754 Α.
498 3700 651 3764 Baununmr,
671 3715 713 3766 op.
732 3716 765 3764 c.,
785 3714 812 3767 p.
831 3700 879 3757 out
898 3715 935 3757 ss.
955 3700 1003 3755 llio
1019 3707 1116 3756 auctor
1134 3698 1235 3755 ibidem

149 3779 253 3836 multos
264 3779 370 3845 allegat,
385 3779 448 3836 inde
466 3794 481 3835 a
498 3780 607 3836 saeculo
619 3781 673 3844 xv,
686 3782 734 3847 qui
751 3781 828 3847 iuxta
847 3782 937 3848 ipsum
955 3781 1037 3837 titulo
1049 3779 1128 3846 legali
1139 3779 1235 3835 saltem

149 3875 200 3928 per
210 3864 385 3917 transennam
397 3860 588 3918 adhaeserunt.
601 3861 685 3919 iidem
697 3866 824 3922 auctores
842 3864 931 3920 afferri
950 3863 1040 3919 solent
1055 3862 1090 3917 ab
1105 3861 1235 3917 omuibus

148 3945 198 4010 oui
219 3942 254 3999 de
274 3943 327 3999 hoo
345 3943 427 3999 titulo
447 3944 588 4009 speciatim
605 3946 720 4010 egerunt
734 3963 741 4000 ι
754 3945 924 4009 nominatim,
937 3957 952 3999 a
964 3945 1067 4008 Buaru,
1079 3944 1122 3997 De
1137 3947 1235 3996 statuto

148 4028 278 4092 maclou
297 4025 379 4092 (apud
396 4026 493 4090 issone,
516 4028 615 4081 Curata
633 4027 786 4094 tlteolopt‘ue,
800 4027 864 4091 XVI,
877 4041 902 4082 c.
915 4025 981 4082 toto
992 4026 1038 4091 s.l;
1058 4025 1141 4082 (laun
1153 4037 1189 4079 nu
1200 4037 1235 4078 ua

152 4109 285 4172 urrunnu,
299 4109 492 4162 Dissertottoas
509 4123 559 4162 sur
576 4110 601 4162 te
619 4109 689 4163 Prot
706 4113 738 4163 de
755 4123 911 4172 comuteree,
930 4109 974 4171 111.
991 4123 1019 4174 p.
1032 4105 1156 4170 toa-tom
1169 4105 1237 4162 Cau·

153 4197 244 4259 minu,
257 4193 300 4246 De
310 4192 496 4258 contrectabas,
508 4193 551 4254 111.
564 4205 592 4258 p.
605 4191 664 4249 aet.
