3242 4959
416 456 476 521 tea
627 505 631 510 .
786 475 993 522 nnnsunrnnn.
1010 475 1091 522 secr.
1108 475 1188 520 n*

416 655 466 703 ars
481 639 618 702 omnium
634 638 815 720 dignissima
827 647 873 701 est
887 637 1084 718 agricultura,
1098 637 1171 717 quia
1182 636 1358 702 immediate
1373 637 1508 702 inservit

415 738 454 802 ad
469 737 585 804 imctus
599 739 755 802 naturales
765 738 848 802 vitae
862 738 1014 801 humanae
1028 737 1218 801 necessarios
1229 737 1438 818 procurandos
1452 739 1502 816 (t).

417 839 490 902 «La
505 836 685 910 superiorite
700 837 738 901 de
753 836 968 917 l'agriculture
987 836 1029 899 ita
1044 835 1080 899 D.
1096 837 1206 900 Brants
1219 839 1268 914 (a),
1283 834 1323 898 ne'
1336 835 1438 900 laisait
1450 852 1510 916 pas

414 954 458 1001 un
471 937 533 1018 pli;
550 938 608 1002 elle
623 937 696 1001 dtait
710 937 828 1001 admise
842 953 898 1018 par
913 947 981 1001 tous
997 937 1041 1001 les
1056 935 1207 1000 derivains
1220 959 1249 1000 s.
1267 936 1353 1012 Quod
1379 935 1508 1016 quidem

416 1037 617 1101 essentialiter
630 1052 700 1100 cum
716 1037 755 1099 iis
770 1037 931 1117 principiis
945 1036 1086 1100 cohaeret
1100 1051 1177 1116 quae
1192 1043 1264 1116 post
1275 1035 1473 1101 Aristotelem
1488 1051 1510 1098 a

415 1133 587 1198 scolasticis
606 1134 723 1198 notioni
745 1135 891 1215 pecuniae
913 1133 1145 1215 applicabantur
1161 1135 1209 1211 (al.
1227 1135 1316 1198 Artes
1335 1133 1419 1196 enim
1439 1132 1508 1196 dis·

354 1251 358 1256 ·
416 1232 633 1312 tinguebantur
647 1234 681 1296 in
691 1234 879 1315 possessivus
892 1234 940 1296 vel
953 1233 1164 1315 mpsisbiuus,
1178 1241 1209 1296 et
1220 1231 1480 1313 in-pesunietiaos
1494 1254 1509 1297 τ.

415 1333 473 1396 bac
482 1331 653 1397 formaliter
663 1333 696 1396 in
707 1349 744 1396 eo
754 1344 916 1396 versantur
925 1343 959 1396 ut
967 1333 1129 1413 pecuniam
1138 1346 1201 1412 oua
1210 1333 1376 1413 pecuniam
1384 1331 1504 1396 lucren-

417 1431 477 1505 tu'r,
503 1430 575 1494 illae
599 1439 722 1496 econtra
751 1432 784 1494 in
813 1447 848 1494 eo
878 1439 911 1494 ut
938 1447 988 1494 res
1016 1431 1170 1494 naturales
1198 1431 1315 1494 homini
1341 1421 1509 1510 requisitas

417 1529 585 1594 obtineant.
609 1529 695 1604 Quod
718 1537 819 1593 autem
841 1530 921 1592 inter
940 1529 1012 1592 illas
1033 1537 1238 1610 praeponatur
1261 1528 1449 1609 agricultura
1473 1537 1508 1592 ut

419 1627 665 1709 «dignissimum
680 1629 760 1692 inter
774 1629 877 1692 omnia
892 1629 1068 1692 mechanica
1081 1627 1242 1690 odicium,
1260 1629 1307 1704 (a),
1323 1627 1383 1690 boc
1399 1627 1510 1707 probat

416 1727 578 1791 manifeste
606 1727 758 1807 vigentem
787 1727 1017 1807 persuasionem
1046 1743 1082 1789 en
1110 1726 1178 1806 ipsa
1206 1725 1359 1807 imprimis
1388 1724 1509 1789 tructus

416 1824 533 1889 hauriri
548 1842 585 1889 ac
599 1825 717 1888 lucmm
732 1825 864 1889 manime
880 1825 1028 1888 naturale.

460 1924 588 1998 Rursus,
606 1923 686 1988 idem
702 1923 871 1987 ostenditur
882 1940 918 1988 ex
934 1923 1116 1988 tributomm
1132 1933 1293 2002 systemate
1303 1938 1359 2004 per
1369 1921 1504 1986 Medium

418 2040 525 2090 aevum
541 2023 678 2089 adnibito
693 2041 729 2089 ac
743 2026 906 2089 theoretice
920 2026 1012 2088 etiarn
1031 2024 1169 2105 probato.
1190 2026 1308 2101 «nass,
1326 2023 1395 2087 dem
1416 2041 1510 2089 cano-

418 2123 546 2187 niscben
568 2123 665 2187 Recbt
687 2122 843 2199 cunichis,
866 2122 970 2187 Grund
992 2122 1054 2186 und
1071 2122 1186 2198 boden,
1204 2123 1245 2186 ita
1260 2121 1442 2186 Endemann
1457 2125 1503 2201 (5),

418 2221 466 2286 als
480 2220 529 2284 die
544 2220 819 2302 imchttragendste
841 2221 918 2285 aller
938 2221 1067 2296 saonen,
1090 2220 1246 2285 sodann...
1265 2221 1311 2285 als
1332 2219 1382 2284 die
1403 2222 1503 2286 rechtc

418 2320 592 2401 Grundlage
622 2320 676 2384 des
703 2319 967 2401 Abgabenbezogs
995 2321 1191 2398 erschienen,
1223 2321 1304 2383 kann
1336 2336 1396 2383 uns
1424 2320 1511 2384 nicht

418 2418 607 2484 belremden.
627 2420 704 2482 »lta
725 2419 904 2500 explicatur,
921 2420 1051 2500 exempli
1073 2421 1183 2498 gratia,
1201 2420 1352 2484 institutio
1373 2419 1507 2483 decima-

418 2535 499 2592 rum,
516 2518 685 2598 etquidem
700 2535 754 2582 cur
771 2520 933 2600 praecipue
954 2536 970 2582 e
992 2517 1141 2583 imctibus
1162 2535 1315 2600 agrorum,
1333 2519 1510 2583 nullatenus

419 2631 491 2681 vero
506 2633 523 2680 e
538 2616 683 2696 pecuniae
699 2616 892 2696 possessione
908 2617 1149 2681 desumerentur.

461 2716 494 2778 2⁰
509 2715 623 2790 Quodsi
636 2722 728 2789 terra,
745 2721 848 2795 utpote
860 2716 979 2795 primns
994 2722 1118 2780 naturae
1134 2716 1203 2781 lons
1217 2717 1426 2796 productione
1445 2718 1506 2798 pri·

420 2814 552 2878 orarium
568 2813 771 2877 constituebat
784 2829 894 2877 census
909 2813 1071 2891 objectum,
1089 2814 1214 2896 iusuper
1233 2824 1334 2878 tamen
1355 2816 1417 2878 alia
1438 2815 1512 2879 buic

421 2911 642 2992 objiciebantur
664 2911 830 2986 contractui
849 2913 895 2990 (s).
913 2915 939 2975 A
961 2919 1096 2992 tempore
1118 2913 1295 2996 praesertim
1317 2929 1378 2992 quo
1400 2927 1512 2976 census

421 3009 588 3093 pecuniarii
604 3009 661 3074 orti
677 3018 773 3086 erant,
788 3009 819 3072 id
834 3017 881 3072 est
895 3024 955 3088 quo
967 3025 1076 3072 census
1091 3025 1152 3074 non
1162 3011 1224 3088 iant
1237 3008 1386 3076 imctibus
1401 3012 1445 3075 rei
1459 3027 1510 3076 na-

455 3268 490 3332 li)
506 3269 630 3324 Wssrmn
649 3269 823 3332 Rotowrrtcn
847 3268 875 3324 in
896 3281 979 3334 opere
999 3270 1040 3322 De
1060 3270 1191 3336 sepimine
1213 3269 1385 3332 rusticorum,
1409 3267 1476 3323 dicii
1497 3286 1510 3324 τ

423 3351 564 3417 «dignitas
576 3351 713 3407 rusticana
724 3354 766 3407 est
777 3349 947 3407 defendenda
958 3354 986 3406 et
997 3351 1051 3406 hoc
1062 3349 1207 3416 tripliciter
1220 3369 1227 3406 :
1241 3351 1330 3416 primo
1342 3351 1406 3418 ouia
1421 3365 1437 3406 a
1455 3351 1509 3406 lleo

422 3436 465 3491 est
476 3433 610 3496 instituta,
623 3432 745 3489 secundo
756 3436 818 3499 puio
831 3449 847 3486 u
859 3439 959 3486 natura
971 3439 1009 3486 est
1020 3435 1209 3498 principaliter
1219 3436 1332 3498 intento.
1345 3433 1429 3490 tertio
1445 3431 1512 3499 cuia

422 3530 438 3571 a
457 3514 645 3572 celeberrimis
661 3514 729 3570 viris
748 3519 790 3571 est
809 3514 960 3580 plurimum
978 3513 1132 3589 approbata
1145 3517 1174 3570 ct
1193 3514 1383 3582 multipliciter
1401 3512 1510 3580 privile-

422 3598 516 3664 giata»
527 3597 637 3660 (citatur
648 3610 663 3650 a
674 3597 698 3652 i.
710 3596 835 3658 ianssnu.
850 3597 869 3651 i.
883 3611 917 3662 e„
931 3611 958 3662 p.
972 3595 1030 3658 311,
1044 3610 1071 3650 n.
1081 3595 1115 3659 4).

457 3685 746 3754 mammo&

456 3777 491 3842 (3)
508 3777 546 3835 dt.
559 3779 586 3834 S.
600 3778 720 3833 Thomae
733 3778 987 3832 commentariensis
999 3777 1177 3830 Potilicoruot
1189 3776 1218 3832 L.
1230 3777 1251 3838 l.
1264 3775 1328 3833 lect.
1340 3776 1393 3833 59.

457 3868 492 3932 (4)
509 3870 549 3924 lta
559 3869 725 3924 Rotnwmcu
735 3866 779 3930 (el.
792 3868 817 3924 i.
830 3869 954 3932 deussene,
969 3868 987 3922 l.
1001 3881 1035 3933 c.‚
1049 3880 1076 3932 p.
1089 3866 1156 3930 slat.

457 3958 492 4022 (5)
509 3957 547 4014 dt.
559 3959 717 4024 duom,
732 3958 946 4023 amastrae...
960 3973 986 4024 p.
1000 3957 1049 4013 ill
1061 3971 1084 4014 s.

458 4045 493 4108 td)
509 4045 546 4103 dl.
559 4047 716 4111 Eunmnnn,
732 4048 884 4113 Studien...‚
898 4049 930 4109 ll.
948 4061 975 4113 p.
989 4045 1047 4102 lie.
1061 4073 1092 4084 -
1105 4047 1214 4102 Lossrus
1231 4045 1283 4113 (op.
1297 4061 1331 4111 c..
1349 4046 1368 4102 l.
1380 4047 1412 4113 ll,
1430 4060 1454 4102 c.
1466 4045 1504 4109 ti.

426 4140 455 4182 n.
467 4128 509 4190 i'l)
520 4133 646 4185 numerat
663 4129 793 4193 «domos.
813 4129 935 4196 flumina,
953 4128 1043 4193 silvas.
1062 4132 1179 4194 montes,
1193 4132 1299 4196 portus,
1312 4129 1395 4196 ripas,
1408 4127 1511 4185 fodinas

426 4209 585 4276 metallicas.
597 4215 626 4270 et
636 4212 750 4280 similes,
762 4227 797 4270 ex
808 4213 910 4280 ouibus
921 4212 1138 4271 emolumentum
1151 4213 1333 4279 percipitur».
