3242 4959
391 444 454 490 cur.
472 445 494 490 1.
518 440 663 492 nmucxnn·
677 445 824 492 soranum
839 445 1043 494 osooxorucxu.
1200 427 1259 495 113

155 607 297 672 tendam
312 624 378 673 esse
400 615 569 685 autumare,
587 609 641 673 sed
663 609 757 674 simul
778 609 951 689 ponendam
966 627 1043 688 esse,
1060 627 1120 692 qua
1135 611 1261 677 distinc-

156 709 287 772 tionem
316 708 500 789 specificam,
529 709 586 774 sub
615 718 762 790 conceptu
791 711 931 790 generico
960 711 1099 792 capitalis
1126 711 1261 792 lepitlme

154 808 355 889 productior.

214 908 252 971 Et
266 907 308 971 ita
322 924 378 988 per
391 916 486 972 totam
502 908 539 972 de
560 908 683 972 notione
704 908 847 988 capitalis
868 909 1104 972 controversiam
1129 909 1262 974 decurrit

153 994 334 1083 ·nota,haoc
353 1023 360 1069 :
378 1007 507 1087 capitale
522 1006 667 1070 omnibus
681 1005 771 1070 bonis
790 1006 934 1069 constitui
957 1006 1070 1086 quibus
1091 1010 1261 1088 possessori

156 1105 342 1168 :auctarium
357 1106 550 1186 producitur;
572 1105 747 1185 etquidem
768 1105 840 1169 inde
861 1105 899 1168 ab
922 1106 958 1170 Α.
976 1105 1076 1169 Smith
1098 1107 1261 1187 specialius

159 1221 234 1284 -qua
248 1213 320 1268 nota
335 1206 575 1269 fundamentalis
590 1207 743 1281 statuitur,
761 1205 889 1286 capitale
909 1205 972 1268 illis
993 1207 1083 1270 bonis
1100 1207 1262 1288 productis

154 1304 316 1367 -constitui
331 1321 409 1385 quae
423 1305 462 1369 ad
477 1306 590 1368 valoris
599 1304 835 1386 productionem
850 1304 1033 1368 adhibentur
1048 1308 1093 1384 (r).

245 1587 259 1661 ᾗ
275 1585 314 1646 ll.
341 1581 498 1660 memorio
514 1582 618 1645 eodem
633 1589 707 1645 noto
722 1602 741 1645 o
756 1584 854 1646 uariis
867 1583 979 1649 scholis
994 1586 1182 1648 oeconomicis

623 1681 803 1762 explicetur.

213 1893 329 1968 Quodsi
354 1909 437 1956 nuuc
461 1893 590 1956 ulterius
614 1892 830 1973 progredimur
854 1911 890 1958 ac
915 1895 1101 1974 inquirimus
1126 1912 1261 1976 quonam

159 1992 264 2057 modo
290 1992 344 2054 illa
369 1991 509 2072 capitalis
531 1992 750 2071 productivitas
775 1993 816 2057 sit
842 1993 1053 2074 intelligenda.
1082 2010 1144 2057 non
1170 2011 1262 2058 unam
1355 2053 1358 2059 ,

162 2092 295 2157 obviam
319 2092 468 2155 habemus
492 2091 737 2170 explicationem.
767 2093 885 2173 Duplex
912 2100 1012 2156 autem
1043 2094 1273 2157 sententiarum-

156 2207 270 2272 2gonus
290 2198 359 2272 apte
380 2189 580 2270 distinguitur
607 2207 614 2252 :
638 2189 725 2270 prius
747 2206 852 2253 earum
873 2207 950 2270 quae
978 2198 1114 2254 statuunt
1134 2191 1263 2272 capitale

170 2290 342 2354 auctarium
352 2291 473 2369 justum
489 2304 542 2368 per
557 2305 589 2351 se
605 2287 787 2368 producere3
811 2289 941 2351 alterum
964 2289 1092 2352 eandem
1115 2289 1263 2353 ioecundi-

161 2398 267 2453 tatem
282 2389 324 2452 ita
338 2388 494 2468 explicans
509 2395 542 2450 ut
557 2403 647 2450 omne
662 2388 764 2451 ioenus
780 2389 820 2452 sit
835 2389 989 2470 iniquum.

214 2491 239 2552 1.
257 2488 412 2569 imprimis
427 2485 643 2550 attendendum
659 2496 704 2550 est
719 2495 862 2566 systema,
877 2487 958 2567 quod
974 2503 1029 2569 per
1048 2495 1143 2552 totum
1156 2504 1262 2551 saecu·
1371 2469 1376 2474 ¹

163 2589 237 2652 ium
252 2588 324 2650 xlx
338 2586 541 2667 plurimorum
557 2585 626 2648 tulit
640 2587 795 2666 suffragia,
810 2595 840 2648 et
850 2586 1032 2649 nominatim
1045 2585 1150 2648 haberi
1163 2591 1264 2666 potest

165 2694 208 2750 ut
223 2685 384 2749 classicum
399 2683 537 2748 omnium
552 2684 604 2763 qui
621 2684 808 2748 liberalismo
831 2684 1018 2748 oeconomico
1035 2683 1148 2746 lavent.
1168 2681 1264 2760 Huius

174 2785 311 2849 theoriae
322 2783 454 2846 essentia
467 2783 499 2844 in
509 2783 566 2846 hoc
578 2782 750 2862 reponenda
763 2782 893 2857 videtur,
907 2783 988 2862 quod
1000 2782 1116 2856 omnia,
1131 2781 1168 2844 ad
1181 2780 1265 2843 valo·

173 2898 245 2946 rum
266 2880 498 2962 productionem
519 2880 740 2954 concumentia,
756 2881 852 2959 jueta
873 2878 977 2942 eadem
996 2879 1157 2960 principia
1177 2878 1266 2941 aesti-

166 2989 309 3046 mantur.
339 2982 466 3060 Nempe,
497 2980 637 3060 quamvis
665 2987 699 3040 ut
727 2980 984 3042 caracteristicum
1015 2979 1141 3060 allegari
1171 2979 1266 3042 soleat

167 3080 289 3160 vtriplex
313 3095 411 3160 genus
433 3094 500 3141 esse
518 3077 763 3158 producentium,
785 3085 910 3153 terram,
929 3079 1063 3142 laborem
1083 3079 1263 3153 humanum,

167 3196 213 3242 ac
228 3178 369 3259 capitale,
388 3186 488 3241 tamen
510 3178 568 3239 hoc
583 3177 684 3256 potius
700 3177 887 3241 accidentale
902 3187 947 3241 est
970 3178 1143 3253 dicendum,
1162 3193 1265 3240 essen-

166 3277 250 3340 tiale
265 3285 387 3340 econtra
402 3275 484 3355 quod
504 3273 662 3354 productio
678 3291 779 3338 rerum
795 3276 834 3339 ab
858 3277 941 3341 omni
959 3277 1017 3340 line
1039 3275 1188 3357 superiori
1203 3283 1266 3338 tam

168 3375 332 3439 societatis
341 3391 433 3454 quam
445 3373 596 3436 individui
604 3372 800 3454 producentis
809 3384 967 3454 separatur
978 3392 985 3438 :
998 3381 1027 3438 et
1039 3374 1106 3438 ideo
1117 3374 1262 3455 praecise,

167 3491 252 3554 -quae
268 3473 306 3536 ad
321 3473 552 3554 productionem
567 3473 717 3536 elementa
733 3472 930 3549 adhibentur,
945 3473 1051 3536 eodem
1067 3473 1157 3536 modo
1173 3471 1264 3535 aesti-

175 3573 253 3635 mari
268 3579 407 3652 possunt.
425 3573 528 3650 ltaque
546 3571 630 3634 labor
646 3571 711 3651 ipse
726 3571 880 3634 humanus
897 3571 1056 3636 habendus
1071 3579 1116 3634 est
1133 3579 1166 3634 ut
1179 3586 1265 3633 merx

170 3671 303 3734 caeteris
320 3671 473 3734 mercibus
494 3667 731 3750 aequiparanda,
749 3677 782 3731 ut
796 3670 882 3733 valor
903 3687 1015 3734 novum
1037 3671 1170 3746 valorem
1191 3684 1263 3749 pro-

172 3769 292 3832 ducens
313 3776 343 3832 et
365 3768 533 3832 secundum
553 3769 634 3830 hunc
649 3775 679 3829 ct
700 3767 768 3846 ipse
792 3768 1010 3832 aestimandus.
1029 3768 1101 3831 lnde
1122 3767 1261 3841 ulterius,

169 3867 292 3932 eisdem
307 3867 427 3948 legibus
442 3867 553 3948 quihus
569 3873 757 3929 caeterorum
775 3866 925 3931 bonorum
945 3866 1139 3931 commutatio
1161 3875 1190 3929 et
1204 3866 1264 3930 cir·

210 4105 244 4169 (t)
259 4105 359 4162 llultos
377 4108 504 4164 auctores
524 4111 656 4175 recentes,
677 4109 725 4176 oui
749 4109 801 4164 hoc
822 4108 893 4165 idem
914 4110 1047 4174 statuunt,
1067 4107 1169 4164 videsis
1191 4107 1264 4177 apud

175 4185 395 4255 Item-urnam,
407 4205 449 4256 op.
462 4204 497 4255 c.,
509 4192 549 4256 ll,¹
554 4205 581 4256 p.
594 4190 628 4246 lo
639 4205 662 4248 s.
