3242 4959
346 466 410 513 CAP.
428 468 460 512 11.
484 467 647 513 EODlERNUS
665 467 849 521 ounesmbllts
864 468 1016 514 ASPEGTUS.
1185 450 1226 514 89

116 627 259 692 lucram
273 630 417 694 creditori
433 636 536 706 cesset,
553 631 585 694 id
601 639 646 694 est
661 631 687 692 si
700 629 769 694 ideo
783 631 943 694 elementis
958 631 1024 693 suis
1037 629 1225 711 productivis

121 727 201 806 ipse
231 727 291 790 frui
318 727 543 808 quovismodo
569 737 714 808 nequeam
736 727 860 791 tandem
886 729 912 790 si
927 729 1103 809 perieulum
1124 728 1224 808 ipsius

113 827 215 888 sorti
228 827 399 903 immineat,
413 828 446 891 id
461 835 506 890 est
520 829 546 890 si
563 829 705 891 timeatur
720 844 758 890 ne
772 844 821 891 res
832 838 947 908 pereat,
961 845 1022 891 non
1033 827 1157 908 physice
1169 844 1224 908 per

124 947 141 981 α
158 925 326 989 abusum»
343 936 474 1003 tantum,
492 928 544 991 sed
563 928 720 991 moraliter
734 927 766 989 in
787 928 855 1007 ipso
876 928 978 990 valore
1000 943 1066 1003 suo,
1084 935 1220 1003 -tunc,

118 1023 340 1089 abstractione
355 1024 434 1090 lacta
449 1043 466 1089 a
481 1034 637 1090 contractu
653 1026 762 1101 mutui,
777 1027 895 1104 jnstitia
910 1027 1043 1106 postulat
1058 1035 1091 1088 ut
1106 1025 1224 1090 debitor

121 1141 187 1203 per
204 1125 358 1205 quoddam
380 1128 549 1190 auctarium
571 1126 712 1190 creditori
735 1126 949 1205 aequalitatem
972 1127 1119 1188 restituat.
1138 1125 1223 1199 Quod

113 1223 269 1300 justitiae
283 1225 417 1287 odicium
432 1225 458 1286 si
474 1225 593 1287 debitor
607 1232 750 1303 praestat.
767 1233 850 1304 patet
865 1241 934 1288 eum
950 1233 1102 1304 praestare
1114 1241 1175 1287 non
1188 1241 1224 1288 ex

121 1322 155 1382 vi
174 1339 234 1384 seu
249 1340 284 1385 ex
301 1331 409 1385 natura
428 1325 542 1401 mutui;
567 1323 712 1402 adeoque,
734 1341 825 1386 sensu
848 1325 930 1386 vocis
946 1323 1116 1397 scolastico,
1135 1339 1223 1402 prae·

124 1428 192 1482 stat
204 1420 430 1501 peraccedens.
448 1422 515 1484 Fiat
531 1422 624 1502 igitur
639 1432 672 1484 ut
687 1423 724 1485 de
739 1421 817 1489 laeto
838 1422 1006 1485 arrolarium
1023 1421 1099 1484 illud
1115 1421 1154 1484 sit
1168 1421 1224 1484 tri-

122 1519 291 1583 buendum
320 1537 400 1597 raro,
433 1539 471 1584 an
501 1530 623 1587 econtra
651 1521 824 1602 frequenter
853 1531 881 1584 et
910 1522 1088 1602 generatim,
1121 1530 1224 1585 manet

123 1627 240 1682 mutuo
255 1637 311 1700 per
323 1639 356 1682 sc
371 1620 550 1685 creditorem
567 1622 642 1684 nihil
662 1622 783 1692 lucrari,
801 1619 855 1684 sed
872 1621 896 1682 si
911 1621 991 1698 juste
1007 1620 1150 1696 lucratur,
1165 1637 1224 1701 per

123 1719 274 1781 accidens
296 1721 418 1783 lucrari.
447 1721 580 1801 Indeque
606 1729 725 1785 constat
749 1729 895 1800 quantam
920 1720 1142 1797 confusionem,
1165 1735 1222 1800 pro

117 1819 331 1882 consectariis
349 1819 432 1882 haud
453 1821 628 1894 innocuam,
651 1820 696 1881 illi
717 1818 748 1880 in
770 1819 910 1882 notiones
931 1818 1134 1889 introducant,
1156 1817 1220 1897 qui,

124 1917 295 1997 principiis
310 1918 381 1981 licet
395 1919 564 1982 scolasticis
579 1919 789 1993 adhaerentes,
801 1925 934 1980 statuant
942 1935 1000 1998 per
1010 1935 1042 1980 se
1057 1917 1222 1980 hodiedum

117 2015 274 2078 creditori
292 2017 382 2080 licere
398 2019 566 2081 auctarium
581 2019 710 2097 pecunia
724 2026 862 2080 mutuata
878 2017 1044 2096 percipere.

171 2115 217 2178 11ο
233 2116 449 2196 Praesumptio
470 2117 550 2178 lucri
571 2117 727 2178 cessantis.
752 2150 793 2161 -
814 2115 964 2195 Agedum,
988 2117 1040 2194 qui
1063 2115 1153 2178 hodie
1174 2115 1221 2177 illi
1248 2175 1251 2180 .

125 2215 286 2292 systemati
317 2215 410 2277 ueteri
439 2215 630 2278 subscribere
664 2215 868 2289 contendunt,
901 2224 1018 2293 oportet
1054 2222 1085 2275 ut
1120 2215 1221 2293 ipsum

119 2313 302 2376 seeundum
317 2314 493 2375 essentialia
515 2315 617 2377 omnia
639 2322 808 2388 assumant,
829 2321 858 2376 et
879 2324 912 2375 ut
932 2314 1007 2376 haec
1028 2311 1131 2374 eadem
1154 2328 1220 2374 mo-

119 2410 236 2473 ·demis
252 2412 403 2489 adjunctis
419 2413 616 2476 oeconomieis
638 2413 802 2493 applicent.
822 2414 896 2475 Cum
919 2421 1018 2474 autem
1046 2412 1163 2474 lucrum
1185 2427 1221 2474 31

127 2509 199 2589 ipso
214 2522 320 2580 mutuo
335 2512 407 2575 oriri
425 2522 565 2591 nequeat,
579 2528 684 2576 verum
699 2529 736 2576 ex
757 2513 854 2574 titulis
876 2509 1085 2574 tantummodo
1107 2511 1221 2574 extrin-

127 2609 220 2683 secis,
239 2609 307 2672 ideo
323 2611 374 2688 qui
389 2610 526 2689 pressius
539 2610 612 2673 huie
627 2610 781 2689 systemati
797 2609 972 2681 adhaerent,
986 2618 1127 2671 mutuum
1139 2624 1221 2670 nune

118 2709 299 2787 -generatim
315 2709 469 2795 lucrosum
484 2727 522 2770 ee
533 2710 786 2790 praesumptione
797 2709 954 2771 titulorum
967 2709 1216 2782 extrinsecorum,

129 2809 313 2872 nominatim
335 2810 410 2873 lucri
434 2811 592 2883 cessantis,
617 2810 778 2889 explicant.
797 2811 834 2871 Et
856 2809 990 2888 atridem,
1014 2817 1116 2870 utrum
1138 2805 1217 2869 tituli

121 2908 333 2971 accidentales
347 2908 469 2988 singulo
485 2909 516 2970 in
532 2925 604 2972 casu
621 2909 741 2988 probari
759 2906 898 2980 debeant,
913 2924 951 2968 an
966 2923 1036 2968 vero
1052 2905 1217 2968 universim

120 3006 284 3082 praesumi
300 3007 430 3084 possint,
445 3022 481 3069 ex
497 3007 647 3085 adjunctis
663 3007 799 3069 locorum
812 3014 841 3068 et
853 3014 1021 3085 temporum
1038 3020 1092 3084 pro
1108 3003 1217 3066 momli

129 3105 297 3182 peritorum
307 3105 422 3182 judicio
436 3106 543 3178 oritur,
561 3122 659 3186 neque
673 3105 775 3185 ipsum
791 3115 921 3184 systema
938 3104 1038 3167 allicit.

171 3205 227 3267 111ο
243 3203 364 3266 Titulos
376 3205 450 3285 lepis
461 3205 561 3268 ciuilis
572 3209 616 3283 (1).
629 3240 669 3250 -
682 3206 739 3278 Qui
756 3205 879 3267 titulum
896 3203 1023 3284 legalem
1039 3203 1214 3279 admittunt,

161 3461 197 3524 (1)
213 3462 252 3516 lle
262 3463 349 3518 initiis
360 3465 388 3518 31
399 3463 513 3519 historia
523 3463 606 3530 hujus
614 3463 774 3528 sententiae,
784 3462 819 3518 cl.
831 3477 922 3530 supro,
934 3479 960 3529 p.
972 3465 1013 3527 11,
1022 3463 1064 3528 16,
1073 3463 1114 3528 31,
1123 3463 1165 3527 51,
1173 3463 1214 3518 51.

160 3543 350 3599 abstrahendo
368 3546 402 3599 ab
421 3545 454 3599 iis
472 3546 631 3601 auctoribus
655 3547 713 3612 oui,
733 3549 764 3601 ut
784 3547 905 3601 Goussun
927 3547 1081 3612 (Theotope'e
1102 3545 1214 3608 morale,

121 3623 347 3690 1118113,
368 3641 395 3692 p.
415 3626 462 3681 311
477 3641 500 3681 s.
519 3627 669 3693 Bruxelles,
688 3627 772 3692 1816),
792 3629 899 3683 Scnvrnu
918 3629 1075 3693 (Theatopz'a
1092 3627 1213 3688 onerates,

121 3704 156 3758 1·
167 3706 222 3771 ed,
242 3709 273 3772 11,
295 3723 321 3774 p.
334 3707 453 3764 168168.
474 3709 618 3774 Bruxellis,
641 3710 724 3774 1818),
746 3716 774 3766 31
795 3711 981 3766 recentissime
1001 3711 1024 3765 J.
1047 3711 1216 3763 Bmonuuneu

131 3789 197 3842 (Der
208 3791 430 3855 Dartebcasar'ns,
445 3806 471 3857 p.
484 3791 517 3847 39
528 3807 564 3848 ss.
578 3793 667 3857 Wien,
680 3791 877 3860 Mayer,.1898l,
892 3793 956 3848 huic
974 3792 1055 3848 titulo
1069 3789 1216 3858 probabili-

129 3871 210 3927 tatem
229 3873 356 3928 tribuunt
374 3874 456 3928 unice
473 3875 537 3940 aula
557 3875 635 3930 illum
652 3876 834 3941 approbatum
853 3878 964 3931 censent
981 3874 1215 3939 3888311333-

122 3952 261 4017 tionmus,
273 3983 307 3992 —
318 3957 372 4010 rari
389 3955 468 4012 valde
482 3961 548 4012 sunt
566 3959 673 4023 patroni
691 3958 814 4024 ejusdem
833 3958 983 4014 sententiae
1002 3971 1050 4023 per
1067 3954 1215 4012 secundam

124 4042 233 4099 ueram
256 4037 357 4094 saeculi
381 4038 437 4092 Χ1Χ
458 4057 464 4092 :
490 4040 653 4104 praecipuus
675 4043 717 4094 esl
739 4040 825 4103 Gunu,
851 4041 1040 4104 Coruncanium
1070 4039 1216 4104 theolopt‘ae

131 4123 251 4186 morata,
264 4125 284 4177 1.
297 4124 318 4185 l,
332 4137 358 4177 u.
371 4121 494 4188 813811ς
513 4125 541 4178 el
560 4123 657 4177 Grand
673 4125 766 4177 Traite
777 4128 823 4177 des
834 4129 961 4187 contrata
975 4128 995 4179 1.
1009 4124 1040 4188 H,
1053 4138 1081 4190 p.
1093 4121 1213 4178 lte-lae.

130 4199 203 4256 Paris
225 4202 295 4265 (sine
306 4208 406 4265 enno).
425 4203 525 4260 Eodem
544 4203 626 4259 modo
644 4205 788 4268 1111313111,
808 4205 1033 4260 Ktrcbeatear'con
1051 4203 1143 4270 (1819),
1156 4205 1213 4270 111¹,
