3242 4959
404 476 469 522 dtr.
486 477 507 522 1.
524 475 644 522 OBJECTA
659 475 734 530 QUAE
749 475 930 522 CREDUNTUR.
1150 458 1212 532 229

117 635 239 711 mittis;
257 637 319 702 imo
334 639 527 720 supponeris.
545 638 626 719 qood
647 638 810 719 nequidem
832 639 963 720 supponi
985 648 1089 720 posset
1109 641 1210 720 quoad

125 737 287 816 pecuniam
310 743 496 814 mutuatam,
517 738 567 816 jus
587 738 622 800 iu
644 755 677 800 re
697 739 753 803 tibi
777 755 908 813 serrare,
936 739 978 802 ita
999 747 1032 802 ut
1053 738 1211 819 navigator

114 835 232 900 eadem
247 837 422 902 nullatenus
436 839 480 902 uti
496 839 542 902 vei
559 838 642 903 abuti
658 837 766 919 possit.
780 839 831 914 At,
848 846 913 902 orta
925 838 1068 918 procciia,
1081 837 1211 918 pecunia

123 942 187 1008 tua,
205 951 275 998 cum
291 935 358 1016 ipsa
372 936 454 1013 navi,
472 936 504 1000 in
520 935 708 1017 protundum
724 935 948 1017 demergitur...
966 935 990 1000 0
1005 934 1169 1012 fortunate,
1182 936 1209 1000 si

113 1033 264 1112 vquemvis
284 1034 419 1098 valorem
440 1051 493 1100 seu
516 1034 645 1116 quodvis
659 1035 789 1116 capitale
804 1051 823 1098 a
838 1046 959 1100 moneta
981 1033 1107 1115 physica
1127 1049 1207 1110 vere,

124 1139 154 1194 et
168 1147 232 1196 non
247 1133 347 1206 solum
364 1135 443 1208 ficte,
460 1135 607 1214 separasti
625 1151 633 1198 :
651 1150 750 1210 secus,
764 1133 839 1214 quid
855 1134 910 1198 tibi
924 1141 1028 1196 manet
1038 1133 1098 1196 nisi
1111 1132 1210 1196 fictio?

114 1230 212 1306 ¹Quod
228 1232 261 1294 in
274 1233 333 1296 hoc
356 1249 430 1296 casu
453 1233 575 1298 nonnisi
596 1233 676 1299 fictio
697 1242 753 1311 est,
771 1233 923 1315 quomodo
943 1233 1014 1297 aliis
1035 1234 1068 1296 in
1088 1232 1212 1297 casibus

112 1336 205 1392 osset
227 1329 356 1394 veritas?
380 1331 507 1412 Utique,
538 1347 607 1395 eum
636 1332 728 1396 aiieui
754 1331 915 1412 pecuniam
942 1329 1060 1406 credis,
1089 1330 1210 1394 etiamsi

112 1425 200 1491 haec
215 1429 338 1508 physice
353 1439 468 1510 pereat,
481 1429 567 1492 vator
582 1429 638 1492 tibi
653 1445 715 1493 non
729 1429 820 1510 perit,
833 1444 924 1509 quem
938 1428 1139 1492 mutuatarius
1153 1426 1210 1490 tibi

113 1525 251 1590 ,reddere
273 1537 402 1604 tenetur,
426 1527 479 1592 sed
503 1528 582 1608 perit
603 1527 693 1590 atteri
709 1547 719 1591 .·
736 1526 818 1609 quod
841 1527 987 1608 praecise,
1005 1527 1036 1589 ni
1059 1526 1206 1602 iaiiimur,

113 1625 235 1688 iterum
257 1626 365 1712 probat
388 1627 522 1692 valorem
544 1627 690 1708 pecuniae
713 1627 812 1706 perire
833 1640 903 1689 cum
928 1635 1049 1690 moneta
1071 1625 1206 1705 physica.

122 1722 213 1787 Unde
234 1725 369 1801 tandem,
393 1725 477 1790 valor
499 1726 591 1789 realis
612 1725 758 1806 pecuniae
779 1725 839 1806 ipsi
860 1725 983 1790 realiter
1003 1731 1032 1787 et
1052 1723 1208 1804 insepara-

123 1819 229 1885 biliter
252 1822 401 1898 inhaeret,
429 1831 458 1886 et
487 1839 556 1887 eum
582 1825 650 1905 ipsa
676 1823 823 1900 creditum
850 1839 935 1903 crgo,
962 1823 989 1885 si
1013 1819 1209 1893 ‹consentire

113 1919 228 1997 debes,
253 1930 286 1985 ιιι
309 1930 407 1986 cesset.
428 1921 599 1986 dominium
624 1923 656 1985 in
680 1923 884 2002 pecuniam»,
907 1937 970 1985 non
991 1922 1092 1984 sotum
1112 1930 1211 1984 cessat

123 2041 139 2076 ιι
153 2019 188 2082 in
204 2021 365 2100 pecuniam
377 2029 526 2100 quatenus
537 2030 583 2084 cst
594 2037 695 2084 massa
709 2022 784 2086 haec
794 2022 911 2085 metaiii
925 2044 954 2096 »,
968 2036 1073 2084 verum
1084 2019 1210 2083 omnino

114 2126 274 2197 -quatenus
295 2126 341 2182 est
362 2120 490 2200 pecunia
512 2129 541 2182 et
558 2130 707 2199 quatenus
728 2126 764 2182 ut
777 2120 912 2201 pecunia
939 2120 1000 2182 «in
1025 2119 1118 2197 aliam
1143 2134 1209 2182 ma·

121 2215 231 2280 teriam
261 2216 526 2281 indeterminatam
554 2217 779 2282 transfertur».
812 2219 1002 2298 intelligatur
1029 2228 1155 2292 autem,
1176 2224 1210 2279 ut

120 2322 206 2395 patet
226 2321 255 2378 et
269 2323 304 2378 ut
318 2316 383 2396 ipse
400 2318 434 2380 P.
453 2317 597 2380 Bailerini
612 2317 727 2381 notavit
742 2319 788 2395 (r),
806 2316 977 2380 dominium
992 2313 1205 2396 possessionis,

113 2420 152 2476 ct
167 2429 230 2476 non
244 2414 370 2496 pienum
381 2416 595 2497 proprietatis.

131 2562 133 2568 ,
163 2513 230 2576 Dici
256 2521 358 2579 tamen
387 2526 490 2596 posset
513 2517 657 2591 valorem,
682 2516 734 2597 qui
757 2515 839 2596 apud
861 2514 1007 2595 pecuniae
1028 2512 1207 2577 creditorem

120 2621 255 2681 maneat.
273 2629 335 2676 non
354 2631 421 2678 esse
441 2616 591 2690 fictitium,
611 2615 664 2679 sed
686 2632 789 2679 verum
812 2624 842 2678 et
862 2614 986 2688 realem,
1003 2629 1073 2677 cum
1094 2612 1127 2674 in
1147 2609 1209 2672 vita

114 2713 311 2776 *oeconomica
332 2713 423 2778 realis
444 2714 592 2778 habeatur
609 2731 616 2777 :
633 2715 757 2789 etenim,
781 2723 815 2777 nt
836 2721 920 2778 notat
939 2715 973 2776 P.
991 2711 1136 2776 Palmicri
1158 2711 1204 2787 (a),

123 2815 212 2878 «hoc
230 2815 280 2893 jus
300 2813 338 2878 ad
361 2830 425 2878 rem
447 2813 625 2878 tantundem
647 2815 706 2896 ipsi
730 2814 892 2892 (creditori)
919 2813 996 2876 vaiet
1020 2828 1057 2875 ac
1077 2809 1206 2890 pecunia

120 2913 278 2992 praestita,
302 2921 332 2976 et
353 2921 452 2993 potest
472 2914 673 2994 chirographo
695 2914 754 2978 sibi
776 2913 887 2976 tradito
906 2912 951 2976 uti
971 2912 1004 2974 in
1025 2907 1206 2973 commercio

121 3026 185 3074 non
207 3027 294 3074 secus
313 3027 348 3076 ae
370 3012 499 3091 pecunia
520 3012 705 3091 praestita.»
723 3011 810 3086 Quod
831 3011 956 3075 omnino
981 3004 1206 3073 concedendurn

120 3121 168 3173 est
186 3135 193 3171 :
212 3125 328 3185 verum,
344 3110 370 3174 si
387 3110 588 3192 chirographo
603 3127 659 3175 suo
673 3111 769 3175 utitur
787 3127 849 3191 qua
869 3109 1009 3190 pecunia,
1026 3105 1058 3169 id
1078 3113 1125 3169 est
1146 3120 1207 3184 qua

120 3208 211 3289 signo
232 3208 365 3272 valorem
386 3224 455 3272 vere
475 3217 730 3289 repraesentante,
749 3209 787 3273 ud
812 3207 1063 3272 commutationes
1083 3219 1204 3284 nempe,

110 3306 183 3385 jam
193 3307 249 3387 jus
263 3305 304 3370 od
318 3323 382 3370 rem
403 3308 584 3388 (pecuniam)
600 3309 659 3390 ipsi
683 3308 845 3372 evanescit.
863 3308 966 3386 itaque
987 3320 1050 3367 non
1070 3303 1207 3383 sequitur

120 3406 302 3470 conclusio:
323 3422 422 3486 «ergo
443 3407 543 3487 reipsa
562 3409 692 3488 pecunia
712 3407 803 3471 habet
822 3422 904 3470 nunc
924 3405 1032 3468 saltem
1058 3402 1207 3466 rationem

120 3505 178 3580 rei,
203 3521 280 3585 quac
302 3520 363 3568 non
384 3505 614 3569 consumitur».
631 3506 761 3568 Econtra
787 3504 934 3585 sequitur,
958 3502 1046 3566 ilium
1073 3500 1207 3564 valorem

113 3619 185 3668 non
199 3620 266 3668 esse
281 3604 414 3667 valorem
429 3605 541 3668 reatem
560 3603 819 3679 commutabilem,
836 3604 895 3680 rei,
912 3605 938 3667 si
960 3610 993 3666 ut
1013 3602 1105 3665 realis
1124 3616 1206 3664 com-

120 3709 267 3778 mutetur,
283 3703 395 3767 habere
410 3703 558 3767 rationem
574 3704 616 3767 rei
633 3720 710 3784 quae
725 3704 924 3768 eonsumitur.
941 3737 982 3748 -
996 3703 1100 3766 Altera
1114 3699 1205 3763 etiam

115 3800 245 3866 additur
267 3802 345 3883 apud
370 3803 525 3867 laudatum
547 3811 699 3867 auctorem
722 3804 911 3867 confirmatio
932 3820 940 3866 :
959 3809 1087 3882 «potest
1106 3800 1205 3864 chiro·

114 3902 275 3982 graphum
293 3901 414 3983 pignori
437 3901 509 3966 dare
529 3910 581 3966 aut
602 3903 688 3966 uiteri
711 3903 743 3965 in
768 3902 850 3966 hunc
872 3903 963 3967 finem
988 3899 1152 3964 concedere
1176 3907 1206 3962 et

155 4131 458 4200 fflOEmmpw.

153 4213 190 4277 (9)
206 4214 243 4272 Cf.
256 4216 302 4280 itu,
316 4231 343 4283 p.
355 4216 414 4283 653,
428 4218 457 4274 in
469 4221 542 4274 nota.
