3242 4959
404 448 468 514 tao
777 468 850 514 rans
865 469 986 516 ιιιιιιιι.
1003 469 1085 518 sacr.
1101 469 1123 516 ι.

402 634 507 699 munti
520 634 655 714 'qualern
679 633 807 697 scientia
832 642 1005 714 propugnet
1029 634 1221 702 scolastica:
1245 636 1387 716 quamvis
1413 637 1498 700 enim

404 733 556 814 quaedam
569 733 722 796 naturalia
736 750 772 796 ac
785 732 944 814 frugifera,
962 742 996 797 ιιι
1009 733 1196 800 frumentum
1210 751 1247 798 ac
1262 743 1410 809 sementa,
1428 751 1498 801 ntu-

404 841 457 896 tuo
479 830 543 895 dari
571 833 702 913 possint,
726 842 828 895 tamen
851 841 991 896 mutuum
1015 833 1054 898 ab
1076 833 1160 896 omni
1184 834 1330 898 lucrativa
1350 833 1497 914 qualitate

403 931 562 1005 abstrahit,
580 931 642 994 imo
657 931 838 1012 plerumque
853 931 886 994 in
902 930 1028 1006 sterilia,
1047 939 1080 994 ut
1093 947 1216 1011 panem,
1230 932 1343 1007 oleum,
1360 948 1397 996 ac
1410 947 1496 1012 prae

403 1031 509 1094 sertim
524 1030 698 1110 pecuniam,
715 1029 822 1094 ιιιιιι.
840 1031 952 1093 Verum
967 1030 1170 1094 attendendos
1191 1030 1274 1094 venit
1294 1030 1393 1110 primo
1416 1029 1496 1092 loco·

402 1129 499 1192 tionis
520 1137 705 1200 contractus,
730 1129 871 1208 quamuis
894 1129 993 1209 ipsius
1015 1129 1165 1208 objectum
1189 1146 1252 1196 non
1274 1127 1444 1194 formaliter
1463 1136 1496 1190 ιιι

402 1227 587 1308 frugiferum
606 1227 797 1307 respiciatur,
816 1227 869 1290 sed
892 1227 994 1306 potius
1015 1228 1102 1290 utin
1124 1243 1156 1290 se
1181 1243 1375 1307 permanens,
1399 1227 1442 1290 ita
1462 1235 1496 1290 ut

402 1327 475 1406 ouis
500 1342 537 1389 ιο
565 1326 609 1389 uti
638 1327 736 1408 possit
764 1327 840 1406 quin
871 1326 1041 1390 substantia
1070 1325 1191 1405 penitus
1220 1333 1418 1390 consumatur
1446 1327 1492 1401 (ι).

366 1491 368 1496 ,
400 1427 533 1504 ¹insuper
545 1425 642 1488 alium
661 1425 814 1489 scolastici
839 1433 994 1504 exponunt
1013 1433 1213 1499 contractum,
1230 1424 1348 1488 scilicet
1366 1441 1493 1488 censuu-

402 1523 473 1611 lcm,
498 1538 558 1603 quo
579 1523 623 1586 ιιι
645 1523 864 1603 productivitas
885 1521 1055 1588 formaliter
1075 1523 1240 1587 attenditur
1261 1540 1268 1586 :
1291 1538 1361 1587 nam
1384 1539 1494 1586 census

400 1622 556 1702 emptione
575 1621 627 1700 jus
647 1622 815 1701 acquiritur
836 1621 875 1685 ad
897 1637 1032 1686 annuam
1053 1622 1231 1701 pensionem
1253 1638 1289 1684 ιιι
1310 1638 1343 1685 ιι
1368 1621 1493 1686 alterius

403 1719 617 1796 obtinendam
646 1719 774 1799 proinde
805 1735 875 1782 eum
901 1719 953 1797 jus
981 1726 1098 1782 ematur
1127 1719 1166 1782 ad
1195 1727 1310 1798 partem
1340 1718 1493 1782 fructuum

402 1817 648 1898 percipiendam,
681 1817 885 1882 essentialiter
913 1833 1021 1882 census
1049 1816 1279 1881 constituendus
1306 1825 1369 1882 erat
1399 1817 1433 1880 in
1461 1833 1491 1880 re

407 1915 615 1995 aliquomodo
630 1915 775 1996 frugifera
792 1918 841 1992 (a).
860 1917 950 1997 Ergo,
969 1923 1002 1979 ut
1016 1925 1216 1996 cognoscatur
1230 1932 1394 1996 quaenam,
1409 1915 1492 1994 juxta

404 2014 593 2091 scolasticos,
621 2024 655 2077 ut
683 2015 786 2094 aliquo
816 2014 906 2078 modo
928 2014 1069 2078 foecunda
1090 2014 1270 2087 habeantur,
1298 2014 1432 2078 breviter
1456 2013 1491 2078 de

401 2110 515 2192 objecto
530 2112 690 2176 locutionis
705 2119 734 2176 ct
747 2118 923 2174 contrectas
937 2112 1089 2174 cenaculis
1104 2128 1241 2192 agamus.

445 2214 526 2275 inter
545 2221 708 2291 utrumque
730 2220 919 2276 contractum
941 2211 1111 2276 differentia
1132 2211 1208 2274 haec
1229 2209 1388 2276 intercedit
1409 2228 1491 2292 prae·
1596 2275 1597 2296 ,

401 2311 504 2393 cipua,
535 2310 617 2390 quod
649 2310 681 2371 in
710 2326 814 2377 censu.
847 2324 906 2372 non
938 2318 1055 2372 tantum
1084 2309 1292 2388 ooosipootioo
1322 2309 1376 2373 sed
1402 2311 1492 2373 etlam

401 2409 597 2483 rcucrootloo,
615 2407 657 2471 rei
680 2407 852 2470 dominium
875 2416 938 2469 tum
961 2406 1109 2470 directum
1131 2415 1197 2469 tum
1218 2408 1294 2470 utile
1320 2407 1358 2471 ad
1384 2424 1492 2471 census

402 2507 589 2571 venditorem
604 2523 658 2569 seu
672 2506 869 2568 censuarium
890 2506 1051 2584 pertineat,
1075 2505 1106 2566 in
1129 2505 1279 2568 locatione
1302 2522 1372 2569 vero
1394 2504 1491 2569 domi-

400 2607 488 2670 nium
504 2606 651 2670 directum
666 2605 705 2669 ad
722 2606 885 2668 locatorem
901 2621 935 2667 ac
949 2605 1022 2667 utile
1034 2604 1072 2667 ad
1089 2604 1278 2667 locatarium.
1293 2604 1352 2668 Sed
1365 2613 1490 2684 uterque

402 2705 434 2768 in
450 2707 508 2769 hoc
522 2704 705 2768 conveniunt
720 2703 800 2783 qnod
818 2713 934 2766 tantum
950 2719 999 2766 ιιι
1015 2703 1224 2782 aliquomodo
1241 2703 1447 2784 productivae,
1462 2704 1491 2766 id

399 2811 448 2865 ιιι
463 2820 511 2865 ιιι
527 2817 656 2882 quarum
672 2818 746 2865 usus
760 2801 799 2864 alt
816 2802 951 2881 ipsarum
968 2800 1138 2863 substantia
1157 2809 1315 2881 separatus
1337 2817 1373 2864 ac
1395 2802 1489 2882 pretio
1597 2863 1598 2896 ,

398 2901 604 2964 aestimabilis
617 2910 674 2975 est,
692 2900 769 2979 ipsis
784 2899 893 2976 subjici
909 2899 1038 2979 possint.
1058 2898 1131 2962 lude
1153 2908 1235 2979 patet
1257 2915 1312 2962 our
1332 2900 1490 2980 speciatim
1597 2909 1598 2934 ³

400 2999 524 3063 illorum
536 3009 747 3063 contractuum
761 2998 878 3075 objecta
894 2998 1094 3078 inspiciamus
1106 2998 1144 3060 ad
1157 3015 1205 3060 res
1217 2997 1424 3077 productivae,
1439 3015 1489 3061 seu
1597 3013 1598 3016 ’

399 3097 543 3178 capitale,
560 3096 799 3179 cognoscendas.

400 3317 499 3372 sertim
516 3316 709 3383 inquisivimus
726 3315 798 3382 apud
826 3317 970 3382 theologos
988 3331 1011 3372 s.
1033 3317 1088 3372 XVl
1107 3319 1135 3372 ιι
1156 3317 1232 3382 Xllll,
1254 3331 1319 3373 cum
1336 3316 1409 3384 apud
1430 3315 1489 3371 illos

398 3399 525 3454 theoriae
546 3398 582 3454 de
601 3398 717 3454 diversis
736 3399 925 3454 contractibus
945 3398 1103 3463 plenissime
1126 3413 1158 3454 ac
1178 3399 1334 3456 methodice
1353 3398 1489 3464 expositae

401 3482 584 3537 inveniantur.
605 3481 659 3536 Nec
681 3494 746 3537 sane
769 3481 845 3538 illius
867 3482 926 3537 aevi
950 3495 1046 3538 omnes
1068 3480 1213 3544 adivimus,
1234 3495 1332 3538 verum
1355 3482 1488 3548 principes

401 3563 542 3629 ducesque
552 3562 680 3618 aliorum.

432 3646 467 3709 (ll
484 3645 593 3700 Locatio
605 3645 679 3700 enim
697 3648 739 3700 est
756 3646 937 3700 «contractus
948 3657 1005 3711 ouo
1017 3657 1071 3709 res,
1083 3644 1127 3700 vel
1139 3657 1256 3710 persona
1267 3648 1303 3698 od
1314 3659 1392 3698 usam
1403 3645 1445 3698 uel
1455 3645 1487 3696 od

397 3728 520 3792 fructura
539 3727 629 3794 pretio
645 3727 829 3783 conceditur»
845 3726 987 3790 (aliuco,
1007 3740 1049 3790 op.
1062 3741 1096 3790 c..
1111 3724 1182 3791 disp.
1195 3727 1283 3792 XXIX,
1297 3729 1363 3782 secl.
1377 3728 1397 3792 l,
1410 3740 1437 3781 n.
1452 3725 1485 3786 ll;

398 3809 501 3867 otusic
513 3810 614 3876 passim
632 3809 800 3866 describitur
817 3822 832 3863 a
851 3809 937 3875 lili»,
957 3813 988 3866 ut
1006 3809 1105 3865 merito
1122 3810 1228 3867 notavit
1246 3809 1389 3875 Wruoaus,
1402 3823 1443 3874 op.
1454 3823 1484 3870 c,

401 3895 436 3949 tr.
450 3893 480 3957 V,
493 3907 517 3948 c.
531 3891 556 3959 8,
569 3892 636 3948 dub.
651 3891 692 3956 il,
706 3907 734 3947 n.
746 3890 788 3947 88.
1062 3899 1063 3902 ’

432 3975 468 4038 (ι)
484 3975 586 4030 census
604 3973 685 4040 pleae
702 3973 870 4029 describitur
888 3972 1004 4029 dicendo
1022 3971 1088 4040 «ius
1106 3973 1275 4040 percipiendi
1293 3987 1412 4030 annuam
1426 3986 1486 4040 pen·

398 4055 506 4112 sionem
522 4069 558 4111 ex
575 4069 606 4111 re
623 4055 666 4111 vel
684 4067 800 4120 persona
819 4055 933 4112 alterius
948 4057 1011 4108 otili
1026 4061 1072 4108 out
1083 4053 1240 4121 trepidaret>
1257 4055 1409 4121 (Wruorrns,
1423 4058 1442 4110 ι.
1453 4069 1485 4116 ι..

398 4151 425 4193 c.
435 4136 460 4200 8,
471 4152 499 4192 ιι.
508 4137 543 4198 ι).
553 4136 615 4201 Alii,
629 4138 677 4204 oui
691 4137 819 4193 ultimum
832 4137 884 4194 lroc
896 4137 1040 4194 essentiale
1052 4136 1080 4193 in
1091 4137 1251 4194 definitione
1263 4138 1404 4204 omittunt,
1417 4137 1486 4194 idem

398 4222 432 4275 ιιι
445 4219 575 4276 omnihus
586 4220 731 4286 probatum
748 4224 909 4288 supponunt
925 4219 971 4284 (ci.
991 4221 1108 4286 Lussros,
1127 4233 1169 4286 op.
1183 4235 1218 4286 c.,
1236 4221 1302 4286 1.11,
1321 4235 1347 4278 c.
1359 4222 1401 4288 ιι,
1421 4235 1448 4276 ιι.
1459 4220 1484 4284 i,

397 4300 465 4358 coll.
479 4316 506 4358 n.
520 4301 563 4367 ai,
575 4302 624 4359 ubi
636 4301 711 4359 addit
722 4321 739 4352 «
745 4317 780 4360 ex
791 4317 822 4360 re
834 4302 964 4370 frugifera
976 4302 1131 4366 alteriusal.
