3242 4959
556 773 709 852 Cardu
736 773 781 850 ll.

302 985 349 1040 bb
375 983 535 1041 ASPECTU
563 983 801 1054 Quaesitouts
829 983 1028 1041 floolduuo

164 1225 206 1287 Ut
220 1222 387 1286 secundum
403 1224 547 1287 scientiae
559 1238 699 1286 normam
714 1222 863 1286 sententia
875 1222 913 1285 de
924 1221 1036 1286 celebri
1051 1223 1109 1286 hac
1119 1238 1211 1286 causa

122 1320 196 1385 ferri
217 1323 325 1402 possit,
349 1323 503 1402 imprimis
524 1330 621 1386 status
646 1321 834 1402 quaestionis
858 1320 1024 1383 hodiernus
1046 1327 1092 1383 est
1113 1330 1211 1384 atten-

122 1420 253 1484 dendus.
271 1421 401 1501 ideoque
416 1422 549 1484 theoriae
568 1420 731 1484 hodiedum
754 1420 945 1500 praecipuae,
969 1419 1108 1498 quamvis
1129 1418 1210 1499 apud

122 1530 261 1584 auctores
286 1521 409 1601 saepius
434 1521 600 1601 permixtae
626 1519 830 1595 inveniantur,
854 1519 982 1582 seorsim
1004 1518 1103 1598 quoad
1124 1527 1211 1582 notas

122 1619 301 1682 essentiales
328 1635 477 1699 exponere
507 1619 697 1694 conabimur,
725 1627 757 1682 ut
788 1618 898 1682 deinde
927 1617 1038 1682 melius
1066 1612 1219 1699 appareat

122 1733 273 1797 quaenam
289 1717 429 1780 notiones
442 1716 598 1781 cardinem
614 1717 837 1780 controversiae
852 1717 1048 1780 constituant.

534 1981 755 2044 uuttctlltls
778 1982 801 2044 1.

424 2146 643 2196 SENTENTIAE
664 2146 916 2196 EXPONUNTUR.

166 2344 249 2409 Licet
273 2345 373 2419 multi,
402 2345 464 2407 imo
490 2345 627 2424 plerique
652 2344 796 2424 theologi,
824 2343 988 2408 hodiedum
1015 2359 1155 2424 expresse
1175 2344 1209 2406 in

124 2451 284 2523 systemate
299 2444 434 2506 nitantur
448 2443 530 2522 quod
545 2459 600 2523 per
615 2452 658 2506 tot
676 2445 798 2506 saecula
820 2461 837 2505 a
856 2441 1032 2508 doctoribus
1050 2443 1209 2507 catholicis

123 2544 261 2606 unanimi
287 2558 436 2607 consensu
462 2544 697 2622 proponebatur,
721 2559 827 2623 reapse
852 2551 954 2606 tamen
975 2543 1101 2606 minime
1127 2543 1208 2622 apud

123 2644 178 2708 hos
193 2659 300 2706 omnes
315 2643 467 2722 integrum
482 2650 511 2705 et
527 2643 677 2705 illibatum
693 2643 856 2705 invenitur.
870 2643 974 2707 Nihilo
989 2653 1090 2706 autem
1105 2644 1209 2707 miuus

123 2752 252 2823 systema
267 2744 325 2806 hoc
339 2744 534 2824 potissimum
550 2759 622 2823 prae
636 2743 734 2806 oculis
748 2743 923 2807 habendum
944 2752 1001 2818 est,
1019 2753 1051 2808 ut
1073 2753 1209 2808 caeterae

123 2843 290 2906 sententiae
315 2843 506 2906 illustrentur
526 2843 688 2921 aptiusque
706 2841 928 2906 discernantur,
947 2842 1077 2924 Ideoque
1097 2844 1207 2908 seriem

123 2941 340 3004 sententiarum
357 2957 425 3004 cum
439 2939 572 3019 quadam
593 2939 739 3002 relatione
760 2939 798 3002 ad
821 2940 898 3003 illud
920 2941 1053 3020 primum
1076 2951 1208 3020 systema

122 3054 308 3119 exponemus
333 3042 380 3116 (tl.
407 3039 544 3102 Sufficiat
568 3048 669 3101 tamen
695 3039 876 3101 senteutiam
902 3040 981 3103 hanc
1006 3050 1035 3102 et
1060 3047 1205 3118 caeteras,

119 3137 226 3216 quales
241 3136 331 3200 uobis
345 3137 496 3209 uidentur,
514 3136 605 3199 modo
624 3136 823 3213 adumbrare;
841 3138 967 3201 alteram
982 3137 1207 3203 dissertationis

122 3244 237 3314 partem
253 3236 364 3316 legenti
380 3234 541 3315 quaedam,
558 3235 625 3297 heic
639 3244 758 3300 tantum
778 3237 945 3314 enuntiata,
967 3238 1095 3302 clariora
1111 3255 1206 3319 appa·

123 3334 241 3396 nebunt.

153 3552 187 3612 tl)
202 3551 262 3607 Non
281 3550 341 3607 leve
359 3565 461 3606 munus
481 3553 523 3607 est
542 3550 663 3606 theorias
682 3550 771 3604 uarias
791 3552 887 3606 nostro
907 3551 1031 3616 tempore
1051 3551 1207 3617 propositas

122 3636 245 3688 accurate
255 3645 398 3689 secernere
410 3635 441 3688 et·
449 3632 601 3688 secundum
617 3632 772 3688 essentialia
783 3645 931 3706 exponere,
944 3632 1018 3699 quod
1032 3635 1105 3698 patet
1117 3632 1205 3688 velex

122 3728 153 3771 eo
163 3715 238 3782 quod
251 3720 378 3773 auctores
388 3716 512 3772 diversas
520 3716 669 3772 sententias
679 3718 852 3772 recensentes
860 3714 1046 3773 diversissime
1057 3729 1102 3772 eas
1115 3729 1207 3772 recen-

122 3802 204 3852 seant.
224 3796 262 3853 Cl.
281 3812 308 3852 v.
327 3812 364 3863 g..
384 3799 512 3860 hunoxun,
535 3799 618 3853 Coars
635 3796 803 3850 d’Ecoaomr'e
820 3800 928 3859 sociale.
947 3797 1041 3863 11498
1061 3813 1097 3854 ss.
1119 3798 1205 3863 Paris,

122 3877 295 3942 duillaumin
315 3878 394 3944 totto
413 3880 442 3934 P.
456 3880 646 3941 Vsausnnscrr.
668 3879 838 3938 Quaestiones
855 3884 888 3934 de
901 3883 1017 3947 justitae,
1036 3896 1063 3946 p.
1081 3878 1202 3944 tul-tlh

121 3959 337 4023 Bous-Buwnxn,
350 3977 391 4026 op.
405 3975 439 4023 e,
452 3962 476 4026 1;
490 3965 543 4016 etc.

153 4044 210 4109 Quo
231 4044 340 4111 plenior
359 4044 490 4100 habeatur
509 4047 674 4110 conspectus
691 4043 861 4100 theoriarum
883 4044 1030 4102 hodiedum
1054 4044 1205 4111 proposita-

122 4138 189 4190 rum,
202 4139 267 4182 cum
279 4126 351 4182 serie
361 4140 443 4192 quam
456 4126 501 4182 hic
512 4126 631 4182 teximus
642 4125 820 4183 conterantur
831 4127 920 4188 variae
931 4126 1081 4184 sententiae
1096 4136 1206 4199 oecono-

121 4206 272 4272 mistarum,
285 4207 432 4275 dequibus
443 4221 526 4275 supra
537 4209 573 4275 tn.
585 4207 736 4276 dimitam
747 4209 863 4276 egimus.
963 4257 965 4261 ,
