3242 4959
400 407 463 470 111
772 423 844 470 vtns
860 421 980 470 atrnnt.
999 423 1077 470 sacr.
1095 424 1116 470 1.

398 589 573 664 intendens,
602 591 717 669 Turgot
741 588 865 668 quidem
891 589 1047 653 evidenter
1069 612 1083 646 α
1102 589 1192 652 latius
1216 589 1273 652 bos
1292 611 1305 646 s
1323 587 1493 663 commisit,

398 690 529 754 dicendo
558 690 687 769 capitale
716 689 861 752 constitui
891 689 1034 753 omnibus
1063 689 1153 752 bonis
1181 706 1243 752 non
1279 688 1493 769 consumptis;

399 791 437 852 Α.
466 789 565 852 Smitb
591 804 661 851 vero
693 789 864 852 accuratius
896 788 1002 852 statuit
1027 787 1156 868 capitale
1182 787 1326 851 constitui
1348 787 1498 851 omnibus

399 889 491 952 bonis
506 904 569 951 non
583 887 774 968 consumptis
788 904 843 950 occ
858 887 1035 950 immediate
1049 885 1274 950 consumendis.

442 987 476 1050 4⁰
490 988 530 1050 m
542 987 568 1048 si
581 1003 685 1050 revera
696 987 728 1048 in
739 986 880 1067 capitalis
895 987 1018 1050 notione
1030 986 1249 1066 productivitas
1261 987 1495 1066 respiciebatur,

398 1086 494 1149 etiam
509 1084 541 1146 in
557 1084 620 1146 illis
635 1084 725 1147 bonis
740 1101 801 1147 non
824 1084 1042 1147 consumendis
1064 1083 1219 1146 distinctio
1239 1092 1303 1146 erat
1323 1083 1466 1148 facienda
1486 1104 1494 1148 :

399 1195 432 1248 et
447 1199 516 1247 mox
532 1183 686 1246 distinctio
702 1182 781 1246 lacta
795 1192 852 1245 est.
870 1183 994 1246 Scilicet
1015 1182 1150 1253 divitiae,
1169 1183 1277 1262 quovis
1300 1183 1423 1246 nomine
1446 1185 1498 1247 vel

401 1283 510 1363 quavis
526 1282 623 1346 forma
639 1283 772 1356 veniant,
789 1298 867 1360 quae
883 1299 899 1344 a
916 1281 1041 1345 donnino
1056 1292 1249 1346 reservantur
1265 1281 1303 1344 ad
1323 1282 1498 1346 auctarium

403 1381 463 1444 sibi
479 1379 718 1460 producendum,
736 1379 813 1442 aliae
830 1380 872 1441 ita
891 1379 1075 1443 adhibentur
1095 1388 1128 1442 ut
1149 1396 1184 1441 ex
1206 1379 1343 1458 ipsarum
1364 1397 1421 1443 usu
1446 1381 1498 1442 vel

402 1481 466 1544 imo
481 1480 579 1543 abusu
595 1479 691 1541 valori
706 1479 848 1542 universo
863 1479 902 1542 ab
918 1479 1059 1542 universo
1074 1479 1208 1542 humano
1224 1495 1333 1560 genere
1352 1495 1499 1558 possesso

404 1588 602 1659 augmentum
631 1579 744 1642 valoris
772 1578 907 1653 accedat,
937 1579 1015 1641 aliae
1044 1595 1114 1642 vero
1143 1579 1196 1654 ita,
1226 1595 1255 1640 v.
1282 1595 1311 1658 g.
1331 1578 1496 1654 locatione,

386 1680 535 1753 cambio,
568 1687 600 1740 ut
625 1679 684 1758 ipsi
715 1679 892 1742 earumdem
921 1679 1089 1759 possessori
1120 1679 1296 1742 divitiarum
1325 1680 1498 1744 auctarium

402 1778 556 1852 obveniat,
574 1779 714 1856 quamvis
730 1779 796 1858 ipsa
813 1779 942 1842 societas
958 1779 1035 1840 nibil
1052 1777 1161 1842 exinde
1177 1778 1319 1852 lucretur,
1338 1779 1400 1842 imo
1417 1795 1498 1842 non-

405 1893 573 1956 numquam
599 1876 814 1940 detrimentum
840 1877 983 1956 patiatur.
1002 1876 1145 1951 Proinde,
1171 1877 1249 1940 aliae
1274 1878 1345 1940 illae
1371 1877 1500 1941 divitiae

401 1974 535 2055 capitale
560 1975 748 2038 constituunt
772 1975 895 2050 sociale,
924 1982 1028 2054 utpote
1054 1975 1189 2038 societati
1216 1975 1442 2056 productivum,
1468 1983 1500 2038 et

406 2075 484 2139 aliae
499 2075 556 2137 bae
571 2074 700 2154 capitale
711 2074 883 2154 privatum,
901 2081 1005 2153 utpote
1016 2074 1133 2152 privato
1149 2074 1240 2138 alicui
1257 2073 1380 2137 domino
1396 2074 1499 2154 frugi-

403 2173 514 2237 ferum.
533 2174 617 2235 lianc
633 2172 872 2245 distinctionem,
891 2171 1001 2234 iterum
1023 2171 1181 2235 fundatam
1204 2173 1236 2235 in
1255 2184 1325 2236 nota
1347 2173 1500 2237 foecundi-

407 2273 489 2347 tatis,
506 2270 647 2351 quamvis
667 2272 704 2333 Α.
723 2271 822 2334 Smitb
844 2270 1079 2343 adumbraverit,
1096 2271 1233 2335 nondum
1254 2280 1355 2335 tamen
1375 2272 1407 2333 in
1430 2271 1503 2334 luce

404 2373 488 2435 clara
504 2371 631 2450 posuit:
654 2371 729 2446 imo,
753 2380 934 2449 conceptum
956 2377 1150 2449 perverterat,
1168 2371 1295 2434 caeteris
1316 2371 1406 2435 bonis
1427 2387 1504 2450 pro-

405 2471 538 2535 ductivis
553 2470 765 2549 coniungendo
782 2469 862 2532 dona
883 2470 1067 2548 personalia,
1085 2469 1258 2549 qualitates
1276 2470 1399 2544 talenta,
1417 2471 1502 2549 apti-

406 2569 541 2632 tudines.
566 2569 605 2630 Ut
630 2576 732 2629 autem
758 2566 914 2629 distinctio
941 2567 995 2629 1113
1025 2567 1104 2629 inter
1132 2567 1261 2647 capitale
1290 2567 1441 2647 privatum
1472 2577 1504 2630 et

406 2668 520 2731 sociale
535 2667 567 2728 in
583 2666 711 2729 scientia
726 2666 840 2729 3333311
861 2667 934 2728 11111
949 2665 1044 2728 nitida
1061 2667 1155 2739 fieret,
1174 2667 1332 2745 oportebat
1350 2675 1383 2729 ut
1400 2666 1503 2744 scrip-

406 2776 488 2830 tores
518 2765 718 2829 socialisticae
748 2766 920 2829 tendentiae
951 2764 1082 2840 addicti,
1115 2765 1221 2844 quales
1259 2765 1431 2829 Rodbertus
1472 2774 1504 2828 et

406 2867 554 2945 Wagner,
569 2872 665 2927 totum
681 2865 712 2926 in
727 2882 762 2927 ea
778 2864 952 2943 systematis
968 2863 1088 2943 pondus
1104 2871 1271 2943 ponerent:
1287 2862 1367 2942 quod
1382 2863 1504 2926 scilicet

410 2963 477 3026 ideo
490 2963 652 3037 faciebant,
666 2964 766 3042 primo
778 2972 810 3025 nt
823 2962 955 3025 fructum
971 2962 1112 3041 capitalis
1120 2962 1240 3042 privati
1255 2962 1450 3042 illegitimum
1464 2977 1503 3024 33

407 3063 603 3124 inhonestum
632 3061 759 3140 probare
789 3069 925 3140 possent,
952 3076 1022 3123 cum
1048 3060 1132 3123 nullo
1162 3059 1355 3140 proprietarii
1381 3059 1499 3135 labore,

407 3160 499 3222 unico
515 3159 642 3222 auctarii
657 3158 750 3233 fonte,
768 3158 936 3232 hauriatur,
955 3174 1009 3221 nec
1029 3157 1138 3220 exinde
1159 3158 1257 3220 ullum
1279 3158 1414 3220 societati
1438 3173 1503 3235 qua

408 3257 462 3320 tali
480 3257 598 3320 lucrum
613 3257 769 3332 efferatum
787 3266 817 3318 et
832 3255 941 3319 deinde
957 3257 1103 3332 vicissim,
1122 3255 1189 3318 ideo
1205 3264 1238 3319 ut
1254 3257 1423 3319 auctarium
1445 3271 1503 3334 per

409 3355 539 3434 capitale
564 3355 674 3417 sociale
704 3355 741 3418 de
766 3354 844 3418 facto
873 3353 1053 3434 productum
1079 3355 1223 3435 opiticum
1248 3355 1345 3418 labori
1376 3363 1503 3434 possent

411 3454 597 3532 adiudicare.
623 3453 858 3517 -Notandum
889 3452 1028 3532 proinde,
1060 3453 1141 3533 quod
1170 3453 1219 3516 bic
1249 3454 1344 3516 nostri
1375 3454 1503 3516 interest

410 3554 633 3628 tantummodo,
651 3554 734 3633 ipsos
750 3564 887 3617 auctores
903 3552 1073 3614 socialistas
1089 3551 1173 3614 omni
1188 3551 1311 3630 capitali
1332 3551 1441 3613 saltem
1463 3549 1501 3612 de

410 3651 490 3716 lacte
502 3661 607 3715 notam
615 3650 859 3731 productivitatis
870 3650 1060 3726 submittere,
1071 3649 1231 3728 etquidem
1245 3649 1367 3729 capitali
1381 3648 1498 3723 sociali,

412 3752 502 3830 quale
523 3751 561 3814 atl
583 3751 757 3814 societatem
780 3750 928 3830 pertineat
950 3757 978 3813 et
999 3750 1088 3828 quale
1109 3750 1251 3812 virtutem
1274 3747 1500 3812 foecundantem

411 3849 617 3913 laborantium
633 3849 862 3928 complectatur,
881 3847 1145 3928 productivitatem
1164 3862 1335 3926 supponere
1351 3862 1454 3909 veram
1471 3854 1501 3908 et

411 3950 536 4013 realem.
554 3985 593 3994 —
609 3948 784 4012 Notandum
799 3949 925 4028 insuper
940 3955 1077 4010 auctores
1092 3954 1238 4020 recentes,
1253 3945 1322 4009 licet
1337 3946 1502 4009 tendentiis

414 4049 538 4112 illorum
561 4045 738 4110 nullomodo
753 4045 885 4118 faveant,
904 4045 1130 4109 distinctionem
1151 4043 1190 4108 ab
1212 4044 1275 4106 illis
1298 4044 1501 4107 introductam

414 4147 562 4210 claritatis
574 4162 677 4220 causa,
689 4161 759 4208 cum
770 4161 873 4207 verum
886 4144 1032 4208 habeatur
1043 4143 1276 4206 fundamentum
1288 4141 1320 4204 in
1334 4159 1376 4218 re,
1390 4142 1503 4206 admit-
