3242 4959
456 503 520 551 cnr.
538 505 569 550 u.
587 505 625 550 on
639 502 802 552 correxero
818 503 943 548 cannrrr.
1174 485 1239 550 dii

197 668 277 748 Ergo
291 666 461 732 formaliter
475 684 511 730 ex
525 666 639 732 credita
654 666 691 729 ad
711 667 801 730 talem
824 682 915 728 nsum
936 665 1075 746 pecunia,
1093 665 1240 744 injustum

148 767 390 833 estauctarium.

196 868 276 948 Ergo
291 865 540 930 irrationabiliter
554 866 719 946 loquuntur
733 865 771 929 de
781 866 933 946 pecuniae
945 865 984 929 ad
999 865 1128 929 eundem
1150 879 1240 928 nsum

153 962 321 1042 locotione·
336 973 365 1028 et
380 981 475 1046 aeque
497 964 746 1029 irrationabiliter
767 964 804 1028 de
826 971 933 1027 mutuo
950 962 1165 1045 productionis
1186 977 1240 1024 seu

152 1063 383 1143 nepotiotioniq
401 1063 482 1143 qnod
493 1080 551 1144 per
564 1080 597 1126 se
610 1062 791 1126 lucrativam
807 1070 887 1125 esset
906 1071 935 1125 et
955 1059 1206 1142 distinguendum
1221 1076 1241 1123 a

155 1169 260 1226 mutuo
275 1163 556 1232 consummationis.
574 1161 725 1243 quodper
739 1179 771 1225 se
786 1163 963 1243 gratuitum.

196 1261 230 1322 4ο
250 1261 343 1340 rltqni
371 1279 438 1324 «ea
463 1270 508 1325 est
533 1262 656 1342 propria
684 1277 847 1324 usuranmr
872 1255 1090 1342 interpretatio,
1118 1259 1240 1340 quando

156 1358 298 1423 videlicet
322 1377 358 1423 cx
382 1377 440 1423 usn
462 1361 517 1428 rei.
542 1377 619 1440 quae
644 1377 705 1424 non
726 1361 887 1438 germinat,
910 1361 996 1424 nullo
1019 1360 1131 1436 labore,
1154 1358 1239 1421 nullo

151 1466 292 1538 sumptu,
306 1459 427 1524 nullove
439 1460 585 1539 periculo,
601 1460 717 1523 lucrum
729 1459 869 1539 fetusque
880 1460 1017 1540 conquiri
1030 1458 1238 1534 studeturxtt).

196 1556 276 1636 Ergo
297 1573 389 1621 usura
413 1558 474 1621 «in
495 1566 650 1622 contractu
671 1558 773 1620 motui
791 1558 955 1639 propriam
976 1575 1064 1621 snam
1086 1557 1189 1620 sedem
1210 1562 1240 1618 et

150 1654 257 1718 iocum
273 1655 363 1719 babet
378 1680 406 1732 x,
423 1665 453 1720 et
471 1656 595 1737 quidem
617 1673 725 1720 usurae
747 1666 905 1738 peccatum
921 1680 935 1714 ‹
949 1657 981 1720 in
1002 1673 1037 1720 eo
1059 1664 1104 1720 est
1122 1658 1239 1737 reposi-

148 1764 232 1827 tum,
250 1755 331 1836 quod
346 1756 416 1836 quis
430 1773 466 1820 ex
481 1757 613 1837 ipsomet
627 1765 743 1826 mutuo.
760 1757 842 1837 quod
860 1767 966 1838 suapte
985 1767 1094 1820 natura
1108 1765 1240 1822 tantum·

146 1851 225 1915 dem
241 1853 397 1917 dumtaxat
412 1854 496 1918 reddi
511 1854 655 1935 postulat,
673 1864 820 1934 quantum
840 1862 995 1936 receptum
1015 1863 1072 1929 est,
1090 1856 1160 1936 plns
1180 1856 1240 1920 sibi
1305 1870 1308 1874 ·

156 1949 242 2014 reddi
259 1951 330 2014 velit
355 1968 448 2032 qnam
473 1963 518 2016 est
537 1961 706 2032 receptum;
731 1952 859 2031 ideoque
881 1953 959 2015 nitra
980 1962 1103 2026 sortem,
1122 1954 1241 2018 lucrum

155 2051 280 2131 aliquod
296 2053 394 2133 ipsine
408 2054 524 2117 ratione
539 2054 648 2126 mutui,
666 2054 724 2117 sibi
740 2053 844 2118 deberi
860 2055 1049 2118 contendat»
1068 2059 1114 2133 (a).

187 2258 222 2321 (t)
239 2257 277 2314 tt.
290 2273 382 2325 supra,
396 2274 422 2325 p.
436 2259 494 2315 iii.

188 2341 222 2404 (i)
238 2343 278 2396 lta
294 2341 460 2398 anenrcrns
477 2343 540 2406 xlv,
561 2343 589 2397 in
607 2343 746 2410 Encyciica
765 2346 817 2397 Vtc
833 2346 955 2408 peruenit
974 2342 1018 2404 (ci.
1040 2356 1131 2409 supra,
1146 2356 1172 2408 p.
1186 2342 1238 2406 lt).

150 2422 309 2491 etquidem
321 2424 438 2482 dubium
454 2425 562 2482 nulium
579 2439 640 2482 esse
658 2430 748 2492 potest
765 2427 884 2482 eundem
901 2440 961 2482 esee
978 2429 1142 2491 conceptum
1153 2427 1239 2481 totius

154 2505 269 2562 Seboiae
282 2525 288 2563 :
302 2521 409 2574 semper
425 2510 499 2564 enim
514 2509 642 2565 doctores
657 2525 770 2563 usuram
786 2510 938 2565 contractui
950 2510 1039 2565 mutui
1050 2509 1237 2572 annectebant,

154 2589 230 2656 qnod
242 2589 317 2646 illico
335 2590 421 2657 liquet
437 2605 533 2647 eorum
550 2606 632 2658 opera
649 2593 691 2648 vel
707 2594 864 2649 summatim
881 2593 1046 2658 inspicienti.
1059 2590 1135 2657 Quod
1147 2595 1239 2647 tamon

146 2671 352 2738 ‘non'impedit
370 2673 519 2738 quominus
537 2688 648 2730 usuram
666 2675 723 2730 sive
740 2677 862 2740 apertam
879 2675 937 2730 eive
954 2673 1091 2740 palliatam
1103 2673 1132 2727 in
1143 2672 1239 2729 multis

143 2754 216 2810 aliis
233 2756 419 2812 contractibus
437 2756 641 2824 deprehendant
657 2773 688 2814 ac
706 2761 866 2824 oppugnent
879 2776 885 2812 :
898 2759 1000 2812 etenim
1011 2757 1120 2822 saeptus
1138 2756 1238 2812 inillis

147 2837 241 2902 pactis
253 2844 375 2892 mutuum
385 2838 462 2894 adest
472 2839 674 2906 aequivalenter
690 2853 737 2894 seu
759 2840 899 2904 implicite,
911 2837 987 2904 iuxta
1004 2838 1115 2894 effatum
1127 2837 1238 2892 Beruar-
1290 2827 1296 2844 ‘

145 2918 213 2974 dini
225 2920 352 2976 &nensis
365 2939 372 2976 ε
385 2939 401 2969 «
409 2920 456 2976 nbi
468 2921 543 2977 nulia
555 2921 732 2976 intervenerit
744 2922 814 2976 ratio
827 2922 926 2985 mutui,
939 2920 1014 2976 nulla
1026 2924 1116 2987 potest
1128 2920 1166 2974 ibi
1177 2931 1238 2975 esse

153 3015 271 3068 usuram
285 3002 331 3065 ita.
343 3016 370 3057 v.
383 3016 421 3068 g..
438 3003 467 3057 in
483 3001 789 3068 emptionevenditione
806 3001 840 3057 ed
858 3002 1015 3065 terminum,
1035 3002 1063 3056 in
1081 3000 1238 3057 venditione

151 3097 218 3140 cum
236 3087 316 3150 pacto
334 3084 582 3149 retrovenditionis,
594 3083 628 3139 ad
640 3099 722 3151 qnam
741 3084 923 3141 reducebatur
939 3088 1096 3141 contractus
1113 3085 1238 3137 mobotro

153 3165 298 3222 damnatus
309 3166 344 3222 ab
354 3168 513 3222 innocentio
525 3168 558 3222 lii
569 3165 612 3229 (ci.
624 3181 715 3233 supra,
730 3182 756 3233 p.
767 3167 809 3230 ab.
823 3181 850 3222 n.
862 3168 895 3230 i),
908 3171 960 3223 etc.
974 3165 1049 3223 Unde
1060 3180 1116 3222 non
1127 3179 1238 3223 neoesee

154 3246 265 3304 videtur
275 3252 307 3303 ut
318 3247 387 3303 banc
398 3248 539 3304 notionem
555 3248 627 3314 apud
644 3249 803 3305 scolasticos
819 3250 936 3306 existere
951 3248 1137 3305 ostendamus.
1149 3248 1238 3304 Caete-

154 3342 228 3393 rum.
245 3328 275 3383 b.
292 3329 376 3392 Fuxx,
395 3329 442 3395 qni
460 3333 574 3386 conatus
592 3332 633 3386 est
652 3331 732 3386 aliam
751 3344 851 3387 usurae
868 3331 1008 3386 notionem
1026 3331 1055 3385 in
1072 3329 1237 3396 theologiam

155 3411 331 3468 introducere
341 3410 385 3475 (ei.
398 3426 490 3478 enpra.
504 3427 530 3479 p.
543 3412 595 3477 96),
608 3413 732 3470 coneedit
743 3417 907 3480 conceptum
927 3413 1010 3470 modo
1029 3416 1162 3469 statutum
1174 3412 1238 3469 inde

144 3493 252 3550 anilem
267 3508 283 3549 a
301 3493 468 3550 bernardino
486 3495 597 3550 Senensi
616 3509 789 3552 communem
806 3495 891 3551 inisse
906 3513 922 3544 (ι
930 3495 957 3549 in
969 3494 1041 3551 allen
1051 3488 1179 3560 zwetgen‘
1187 3494 1238 3551 der

154 3575 351 3632 Wieeenscbalt
369 3575 424 3631 und
441 3575 491 3632 der
508 3576 678 3642 theologie»
698 3577 899 3643 (recoquere
920 3576 1139 3641 Quarquernae,
1160 3575 1235 3641 ttae,

155 3674 184 3726 p.
196 3658 246 3716 idi
257 3660 300 3722 e).
313 3659 431 3716 donatur
445 3662 536 3715 autem
551 3663 714 3725 conceptum
730 3673 813 3715 suum
831 3660 947 3724 probare
958 3659 986 3713 1⁰
997 3672 1032 3714 ex
1043 3659 1087 3714 SS.
1101 3658 1236 3724 Patribus,

145 3742 185 3798 ⁴2⁰
195 3756 230 3798 ex
241 3742 268 3797 S.
282 3741 401 3798 Thomae
411 3743 522 3794 Semina
534 3742 624 3804 theol..
637 3741 665 3797 3⁰
676 3742 741 3797 exi
755 3742 856 3806 Theca,
869 3743 911 3805 iv,
923 3741 940 3796 6
950 3740 994 3804 (ei.
1007 3741 1054 3805 ab„
1068 3755 1094 3805 p.
1107 3739 1234 3796 dodilo).

154 3826 255 3881 itvero
271 3825 299 3879 1ο
310 3838 345 3881 ex
362 3825 407 3880 SS.
423 3823 558 3885 Patribus.
577 3825 649 3882 sicut
667 3823 807 3880 intendam
824 3827 867 3880 est
883 3826 1045 3889 conceptum
1063 3823 1108 3878 bic
1124 3836 1140 3878 a
1156 3823 1236 3879 nobie

150 3910 290 3965 :stetinum
300 3909 346 3964 vix
358 3907 533 3971 manifestari,
554 3907 591 3962 ita
608 3906 696 3964 multo
714 3907 805 3962 nunus
822 3912 948 3962 accurato
966 3905 1105 3962 distinctio
1124 3908 1237 3972 apparet

146 3991 228 4048 ›inter
238 3989 389 4058 iniustitiae
399 3995 517 4058 peccata,
529 4005 612 4058 quam
624 3993 720 4047 auctor
731 3991 885 4057 praetendit
897 4009 904 4046 ε
916 3993 945 4047 et
956 3990 1025 4047 ratio
1036 3990 1164 4057 estquod
1180 4003 1237 4048 non

155 4074 305 4131 scientifice
321 4073 356 4130 de
374 4087 404 4130 re
421 4074 505 4130 locuti
523 4076 598 4129 sunt.
610 4074 639 4129 2⁰
651 4073 727 4139 Quod
739 4073 836 4130 attinet
853 4073 887 4129 ad
904 4072 1057 4129 doctrinam
1067 4075 1094 4130 S.
1107 4073 1235 4139 Tbomae,

147 4157 255 4213 merito
273 4159 370 4212 auctor
388 4156 498 4212 nonnisi
518 4157 657 4210 &minam
678 4156 850 4222 theotopienm
865 4156 902 4218 ti·
913 4156 956 4221 θ’,
972 4170 1000 4222 q.
1014 4155 1097 4220 iiiiii,
1117 4156 1235 4221 billiliil,

154 4239 288 4302 lxxviii)
298 4237 406 4305 allegat,
417 4241 446 4295 et
456 4237 567 4305 quidem
586 4237 686 4294 iatetur
703 4237 802 4294 exinde
817 4237 918 4293 theaim
932 4251 1010 4294 snam
1022 4251 1078 4293 non
1088 4240 1164 4295 oerto
1175 4253 1236 4306 pro
