3242 4959
114 635 305 716 ,praesertim
327 636 544 716 praedantibus
565 636 644 700 inter
666 637 825 718 theologos
838 639 873 715 (t)
888 639 930 702 lt·
943 639 1030 702 Funk
1050 645 1080 701 et
1094 639 1129 701 P.
1146 637 1211 702 ltn-

126 735 213 799 tonio
229 733 386 816 Ballerini‚
404 734 496 798 talem
512 734 571 798 sihi
589 735 707 816 tingunt
724 736 871 817 pecuniae
890 752 980 800 usum
1001 752 1062 816 quo
1083 724 1213 800 dicenda

120 834 167 896 sit
181 849 238 914 per
251 849 284 896 se
298 831 475 913 productiva
491 849 527 897 ao
541 849 645 898 verum
667 833 808 915 capitale.
832 835 1029 916 Distinguunt
1049 850 1158 914 nempe
1179 835 1212 898 in

121 932 268 1012 pecunia,
282 947 343 1012 qua
354 932 424 1011 quis
436 932 527 995 etiam
539 932 578 996 ad
592 933 845 998 commutationes
855 935 961 1010 utitur,
974 949 1041 998 esse
1047 931 1211 1014 physicum

123 1046 179 1093 seu
200 1029 358 1093 materiale
379 1030 418 1093 ab
443 1046 510 1094 esse
536 1030 669 1110 quodam
693 1030 789 1094 ideali
814 1048 867 1094 seu
895 1032 1041 1112 pecuniae
1068 1030 1171 1094 valore
1200 1047 1208 1095 t
1276 1068 1285 1106 ¹.

122 1130 178 1210 oui
202 1129 331 1210 pecunia
354 1130 460 1205 utitur,
484 1145 550 1194 esse
571 1131 667 1194 utitur
686 1131 849 1204 materiali,
873 1147 929 1194 nec
953 1148 1020 1195 esse
1041 1130 1140 1195 ideale
1160 1130 1212 1193 ah

114 1227 231 1291 sumit.
249 1227 336 1303 Quod
350 1228 475 1308 quidem
487 1231 522 1291 P.
536 1229 607 1292 Ant.
622 1228 768 1292 Ballerini
781 1231 817 1305 (a)
829 1229 873 1292 sic
883 1229 1031 1293 concinne
1045 1229 1184 1292 enuntiat
1200 1245 1208 1292 :

131 1342 230 1390 ecum
256 1335 393 1389 mutuam
419 1325 580 1406 pecuniam
603 1327 711 1402 tradis,
738 1326 944 1390 substantiam
970 1333 1055 1390 tuom
1078 1325 1213 1407 proiecto

115 1424 266 1488 ‚amittere
281 1432 311 1487 et
323 1424 464 1489 abdicare
479 1425 694 1505 proprietatem
708 1425 823 1487 coloris
836 1442 898 1489 non
913 1425 970 1489 vis.
987 1427 1067 1506 Ergo
1085 1426 1144 1488 hoc
1161 1425 1211 1503 J'us

122 1523 160 1585 in
181 1538 247 1586 rem
270 1531 353 1586 tuam
375 1525 463 1602 [quae
486 1531 532 1586 est
553 1523 715 1586 manifesta
739 1523 876 1587 confusio
898 1539 966 1586 curn
991 1523 1057 1602 jure
1078 1521 1119 1585 od
1139 1525 1214 1598 ron]

118 1622 251 1686 retines
273 1623 326 1684 Vis
349 1629 450 1685 tamen
474 1622 546 1686 dare
573 1623 716 1687 utendam
741 1641 748 1686 :
772 1639 847 1686 usus
870 1634 971 1686 autem
993 1623 1097 1686 nullus
1120 1620 1213 1701 [qood

125 1721 225 1784 nimis
240 1720 377 1784 absolute
392 1728 437 1784 est
458 1720 584 1798 dictum]
605 1729 651 1784 est
669 1723 828 1802 pecuniae,
851 1738 930 1802 quae
950 1723 1073 1784 inventa
1092 1728 1139 1784 est
1158 1736 1213 1800 pro

124 1819 432 1895 commutationibus,
456 1820 516 1882 nisi
542 1819 737 1884 distrahatur.
761 1822 841 1902 Ergo
863 1821 1033 1885 consentire
1054 1819 1157 1895 debeo,
1180 1826 1215 1881 ut

128 1925 223 1982 cesset
239 1918 411 1982 dominium
425 1918 460 1981 in
470 1919 648 1999 pecuniam,
669 1926 820 2001 quotenus
838 1926 883 1982 cat
898 1938 998 1983 mosao
1013 1918 1086 1982 hoco
1099 1917 1216 1980 metalli

118 2028 160 2084 et
182 2020 215 2082 in
236 2019 339 2082 aliam·
354 2019 804 2083 materiam-indeterminatam
830 2019 1069 2083 transferatur...
1093 2018 1216 2082 Locatio

128 2119 226 2199 igitur
252 2118 352 2182 locum
377 2118 482 2183 haberi
508 2119 619 2199 poterit
646 2118 747 2199 quoad
776 2120 921 2194 valorem,
952 2119 1033 2198 quod
1062 2117 1217 2198 appellant

128 2207 262 2297 capitote
287 2224 317 2278 et
341 2215 401 2279 dici
427 2224 527 2295 potest
551 2216 643 2280 etiam
668 2218 850 2296 generaliter
869 2217 981 2280 honum
999 2217 1143 2301 fortunae
1162 2232 1216 2278 seu

116 2313 305 2377 substantio
319 2314 472 2391 fortunae.
490 2316 614 2378 Nummi
629 2331 700 2379 vem
715 2315 791 2380 nihil
807 2325 896 2380 erunt
910 2315 1004 2391 aliud,
1018 2315 1079 2378 nisi
1094 2314 1216 2394 signum

135 2429 189 2476 seu
205 2421 436 2493 repraesentans
447 2413 581 2492 eiusdem
598 2413 796 2485 substantiae,
811 2415 897 2493 cuius
907 2414 992 2477 nulla
1003 2413 1129 2476 hahetur
1140 2412 1216 2475 ratio

130 2511 235 2591 quoad
257 2519 429 2576 contractus
450 2519 601 2575 naturam.
625 2513 662 2576 Et
682 2513 739 2576 hoc
760 2513 806 2576 vel
832 2511 903 2575 inde
923 2512 1021 2576 elucet
1043 2509 1215 2585 manifeste,

134 2608 217 2689 quod
232 2626 392 2689 possessor
407 2609 483 2672 nihil
501 2610 651 2673 sollicitus
667 2618 722 2686 est,
739 2627 812 2674 num
832 2610 890 2690 ipsi
910 2609 1066 2673 tradantur
1086 2609 1215 2685 nummi,

126 2709 328 2789 „potiusquam
344 2709 547 2790 chirographa
566 2717 618 2772 aut
639 2710 755 2773 litterae
777 2709 887 2774 cambii
910 2717 962 2771 aut
982 2707 1121 2783 schedae,
1145 2716 1215 2783 etc,

131 2823 209 2886 quae
225 2808 325 2871 solent
339 2814 565 2887 repraesentare
580 2807 759 2886 capitalia...
775 2808 869 2869 Porro
883 2807 915 2868 in
926 2806 976 2868 his
991 2805 1218 2885 apertissimum

122 2915 188 2980 est,
213 2924 289 2970 vane
312 2908 384 2988 tingi
409 2907 495 2970 illam
520 2907 647 2970 dominii
672 2907 914 2980 translationem,
935 2922 1013 2985 quae
1034 2905 1123 2969 unice
1143 2904 1219 2968 nite-

128 3006 223 3070 ,hatur
245 3007 378 3070 theoriae
398 3006 434 3069 de
450 3023 483 3069 re
497 3005 669 3086 adsumpto.
686 2995 700 3062 >i
717 3006 763 3068 En
785 3004 878 3085 igitur
899 3004 1084 3067 altissimum
1108 3003 1218 3067 fonda-

139 3111 276 3166 mentum
292 3104 419 3168 celehris
433 3103 518 3167 illius
533 3103 666 3167 theoriae
678 3103 842 3166 hodiernae
853 3102 890 3166 de
896 3103 1048 3184 pecuniae
1058 3103 1216 3179 locotione,

133 3219 231 3282 -quam
246 3211 358 3266 statum
375 3203 561 3282 quaestionis
576 3202 762 3266 delineantes
776 3203 953 3269 summatim
968 3203 1176 3282 exposuimus.

177 3302 233 3366 Hic
245 3309 346 3373 autem
359 3301 494 3365 nondum
507 3301 607 3382 agitur
622 3300 658 3364 de
676 3310 783 3365 natura
799 3309 971 3365 contractus
986 3299 1103 3376 crediti,
1118 3308 1219 3364 unum

141 3399 248 3463 locatio
270 3415 309 3462 an
330 3407 470 3464 mutuum
491 3399 609 3463 dicatur
623 3433 663 3442 —
679 3398 759 3478 quod
777 3408 879 3462 tamen
900 3415 935 3462 er
956 3399 1023 3480 ipso
1038 3399 1165 3476 objecto,
1182 3398 1219 3460 de

132 3514 199 3578 -quo
225 3497 340 3578 obiecto
361 3514 443 3562 nunc
464 3499 496 3560 in
517 3508 598 3562 recto
619 3514 719 3561 sermo
741 3507 796 3573 est,
817 3497 1000 3561 solvendum
1021 3498 1105 3561 erit:
1127 3506 1156 3560 et
1176 3498 1221 3562 sic

128 3595 248 3660 „iterum
264 3597 460 3660 confirmatur
475 3597 556 3676 quod
575 3597 719 3672 diximus,
736 3595 839 3658 omnia
857 3595 943 3676 quasi
966 3612 984 3659 a
1005 3594 1096 3658 modo
1111 3594 1218 3671 ohjecti

143 3683 495 3776 concipiendi'pendere.
512 3697 574 3759 Nec
595 3696 694 3776 agitur
710 3695 774 3773 jaro
796 3694 834 3758 de
855 3693 1004 3757 sententia
1024 3693 1147 3756 illorum
1166 3693 1220 3773 qui

168 3885 202 3950 (l)
219 3888 250 3942 In
262 3887 349 3942 simili
359 3887 468 3944 tandem
480 3885 657 3944 fundamento
676 3901 723 3943 seu
736 3887 849 3943 notione
867 3887 997 3954 pecuniae
1014 3887 1140 3943 nituntur
1150 3900 1221 3942 oeco·

129 3969 271 4025 nomistae
288 3969 378 4035 mulli,
391 3969 552 4036 praesertim
570 3968 677 4035 patroni
694 3968 818 4024 theoriae
835 3982 905 4034 ouac
922 3970 1073 4024 auctarium
1091 3967 1221 4034 pecuniae

125 4063 171 4103 -cc
180 4065 229 4104 uste
240 4051 429 4108 cohonestent.
442 4049 479 4107 di.
493 4064 585 4116 supra,
599 4065 626 4117 p.
639 4049 671 4106 ol
682 4053 710 4108 et
722 4049 770 4105 118
780 4064 803 4105 s.

168 4133 202 4196 (i)
220 4133 258 4190 ol.
281 4135 351 4200 Opus
371 4135 543 4200 tomlopteom
560 4135 677 4206 ¹tractactio,
696 4133 749 4196 (ed.
769 4132 916 4197 Paullum),
934 4133 978 4198 111,
997 4147 1024 4198 p.
1043 4130 1090 4188 ott
1110 4145 1144 4197 s.,
1157 4131 1221 4188 coll.
