3242 4959
393 434 436 498 18
840 450 912 495 rans
934 452 1031 496 33333.

436 618 585 699 Equidem
605 618 785 687 Salmasius,
807 617 877 679 licet
898 617 1052 697 imprimis
1073 618 1244 682 auctoritati
1267 617 1344 699 legis
1366 619 1480 681 adhae-

392 727 468 794 reat,
486 717 570 781 aliud
587 726 687 780 tamen
703 716 803 778 innuit
819 716 1016 795 principium,
1033 732 1142 795 nempe
1160 716 1261 780 foenus
1278 717 1390 781 liberae
1406 734 1480 780 con-

391 817 579 879 trahentium
606 814 753 877 voluntati
780 812 1029 892 permittendum,
1053 814 1226 895 liberaeque
1251 817 1479 880 concurrentiae

392 914 615 995 indulgendum
638 916 687 991 (3);
712 912 792 992 quod
819 925 921 975 tarnen
946 913 1132 993 principium
1158 925 1230 978 tunc
1255 916 1392 979 nondum
1417 933 1478 979 ma·

391 1015 575 1088 turescebat,
593 1031 649 1077 nec
668 1014 847 1092 juristarum
868 1014 1002 1077 favorem
1023 1025 1093 1077 ante
1116 1016 1270 1079 saeculum
1292 1032 1423 1095 sequens
1441 1014 1477 1077 ad

392 1113 486 1175 finem
502 1127 629 1191 vergens
651 1120 771 1173 nactum
795 1112 957 1174 ridebitur.
976 1113 1079 1192 ltaque
1101 1112 1182 1193 apud
1204 1113 1392 1176 calvinianos
1412 1130 1477 1176 sae·

390 1212 454 1273 culi
477 1210 578 1283 xvh,
605 1209 753 1271 «duabus
778 1209 1044 1273 conditionibus...
1069 1211 1214 1290 probatur
1238 1228 1348 1285 usura,
1374 1212 1401 1273 si
1425 1226 1478 1273 nec

391 1309 519 1372 modum
540 1308 673 1375 excedat.
698 1308 779 1387 quod
801 1326 921 1389 semper
942 1310 1093 1389 culpabile
1114 1317 1175 1386 est;
1200 1327 1255 1373 nec
1277 1311 1358 1373 intra
1378 1311 1477 1389 ipsum

392 1409 518 1472 modum
545 1416 758 1487 extorqueatur
785 1425 803 1470 a
828 1409 1025 1488 pauperihus.
1053 1410 1133 1488 quod
1152 1410 1294 1473 charitati
1319 1410 1478 1473 adversum

390 1516 547 1571 accusant.
567 1509 647 1570 llaec
663 1508 822 1570 acatholici
838 1508 1002 1584 incaluini
1017 1509 1227 1571 sententiam»
1246 1513 1255 1587 (
1273 1513 1293 1586 l.

557 1770 569 1841 1
591 1766 629 1828 ll.
649 1800 688 1810 -
702 1765 917 1828 Controversia
932 1783 970 1827 33
982 1771 1073 1846 porte
1088 1764 1319 1827 catholicorum.

434 1964 559 2026 interim
580 1964 784 2026 controversia
807 1964 962 2042 pergebat,
988 1980 1078 2043 quam
1106 1964 1186 2025 circa
1215 1962 1350 2025 medium
1373 1978 1479 2025 saecu·

394 2063 458 2125 lum
474 2064 553 2139 XVI,
572 2070 636 2125 tum
652 2062 689 2125 de
705 2069 859 2125 contractu
876 2062 966 2133 trino,
985 2072 1049 2123 tum
1065 2061 1102 2124 de
1117 2078 1209 2124 censu
1227 2062 1381 2139 utrimque
1397 2060 1479 2122 redi-

390 2163 494 2226 mibili
510 2162 589 2225 inter
605 2162 762 2241 theologos
784 2161 892 2241 agitari
908 2160 1052 2223 diximus.
1071 2162 1115 2224 lle
1133 2160 1294 2240 principiis
1310 2159 1446 2239 quidem,
1463 2176 1479 2220 a

392 2260 495 2325 medio
510 2261 568 2323 hoc
584 2260 704 2321 saeculo
719 2275 816 2337 usque
831 2258 869 2321 ad
887 2258 1043 2320 saeculum
1058 2258 1140 2320 xvu
1156 2274 1280 2332 ereuns,
1298 2272 1480 2320 consensum

388 2361 481 2440 quasi
506 2374 700 2423 communem
727 2359 806 2420 inter
829 2358 966 2421 doctores
992 2358 1171 2437 reperimus
1198 2356 1396 2420 contractum
1424 2357 1479 2417 tri-

389 2476 468 2520 uum
491 2458 670 2529 admittunt,
695 2457 774 2518 inter
796 2457 968 2535 graviores,
985 2456 1108 2518 Toletus
1133 2455 1292 2532 (11599),
1318 2455 1481 2535 Gregorius

391 2558 431 2621 de
451 2556 761 2631 93133313111603),
783 2556 937 2618 33333133
951 2554 982 2631 (1
997 2554 1099 2632 1631).
1117 2555 1208 2617 modo
1230 2562 1291 2617 tres
1310 2562 1481 2617 contractus

392 2657 566 2721 successive
597 2657 684 2729 liant;
713 2656 787 2729 imo,
815 2655 873 2717 hac
898 2655 1087 2718 restrictione
1113 2654 1239 2729 omissa,
1266 2656 1399 2717 loannes
1420 2656 1481 2717 lle·

393 2758 466 2819 dina
490 2754 638 2831 (11516),
658 2756 765 2817 Petrus
784 2754 821 2816 de
842 2756 975 2817 Navarra
997 2753 1195 2830 (1331660),
1219 2755 1317 2833 Lopez
1333 2752 1479 2829 (11596),

391 2855 674 2931 Μ3Ι133(11669),
701 2854 872 2933 Rodriguez
887 2854 918 2931 (1
933 2854 1034 2929 1613),
1060 2852 1167 2927 Garcia
1189 2852 1219 2929 (1
1242 2853 1343 2929 1635),
1361 2852 1483 2915 Lessius

395 2956 427 3032 (1
452 2954 551 3031 1693),
579 2953 966 3031 Μ3133333(11615)(3),
991 2952 1183 3033 Wiggers(†
1206 2952 1311 3031 1639),
1336 2951 1418 3015 card.
1446 2950 1483 3013 de

397 3056 482 3133 Lugo
498 3052 528 3129 (1
544 3053 644 3129 1660),
671 3052 796 3132 aliique.
825 3053 956 3116 Consum
978 3052 1134 3131 utrimque
1154 3048 1482 3113 redimibilcm-delen-

397 3153 484 3227 dunt,
502 3151 632 3214 ducibus
647 3150 768 3213 Medina
783 3158 813 3212 33
824 3150 973 3225 Valentia,
986 3151 1075 3213 multi
1091 3150 1224 3229 theologi
1239 3148 1358 3212 romani
1374 3158 1405 3211 et
1419 3164 1484 3228 ger-

395 3250 491 3326 mani,
511 3257 540 3312 et
559 3249 741 3312 nominatim
761 3249 794 3310 in
815 3248 919 3329 Belgio
942 3249 1076 3323 LessiuS,
1094 3247 1247 3310 Malderus
1264 3248 1312 3323 (3),
1328 3246 1482 3326 Wiggers

430 3473 465 3535 (ll
483 3471 626 3537 utsupra,
642 3471 830 3537 p.lb.ltaque
847 3471 1003 3534 Salmasius,
1017 3471 1103 3536 magis
1120 3470 1210 3525 adhuc
1227 3483 1310 3535 quam
1327 3468 1484 3532 blolinaeus,

394 3554 454 3611 dux
466 3556 508 3609 est
521 3554 643 3609 omnium
655 3567 751 3609 corum
770 3554 819 3619 qui
838 3567 853 3607 3
871 3553 926 3607 line
944 3553 1103 3618 praesertim
1115 3551 1217 3608 saeculi
1230 3551 1308 3605 livill
1319 3550 1486 3606 liberalismo

394 3636 567 3691 oeconomico
596 3633 697 3690 addicti
720 3637 794 3699 sunt,
820 3649 884 3690 oum
909 3634 956 3689 ille
980 3632 1155 3689 fundamenta
1174 3632 1257 3699 huius
1279 3631 1401 3687 theoriae
1423 3644 1486 3687 vere

397 3718 532 3783 posuerit.

431 3802 466 3863 (9)
484 3800 512 3855 P.
525 3799 680 3863 3333333333,
692 3813 733 3863 op.
747 3813 780 3861 3.,
795 3814 822 3865 p.
836 3813 932 3853 xxrm.

323 3946 331 3961 ι
431 3882 466 3945 (3)
483 3881 560 3938 citati
581 3880 653 3947 apud
673 3881 817 3944 Wroorms,
833 3881 1033 3934 0333333333333
1052 3882 1080 3932 iu
1099 3881 1241 3933 33333333
1252 3880 1280 3933 S.
1298 3880 1425 3943 11333333,
1444 3878 1487 3942 111,

398 3966 489 4021 Tract.
502 3965 533 4029 V,
546 3978 570 4019 c.
583 3966 608 4027 l,
622 3962 650 4018 d.
664 3965 690 4027 l,
703 3976 731 4017 3.
743 3960 777 4017 88
788 3965 817 4017 33
827 3960 861 4017 93
871 3961 928 4025 (uo.
941 3961 1061 4025 lovanii,
1074 3959 1158 4024 1669).

432 4046 466 4108 (1)
484 4046 571 4111 Citati,
596 4046 671 4109 ibid..
696 4058 720 4100 3.
744 4042 770 4105 8,
790 4042 818 4098 d.
842 4043 868 4107 3,
889 4057 918 4098 n.
935 4042 976 4098 36.
998 4069 1032 4078 -
1049 4043 1156 4097 Parrus
1179 4042 1338 4097 Annoomus
1359 4040 1490 4105 hispanus

397 4127 515 4211 sll595)
535 4142 679 4195 perperam
698 4127 732 4182 ab
752 4126 901 4193 aliquibus,
913 4140 940 4180 v.
960 4139 985 4191 g.
1005 4139 1021 4179 a
1039 4126 1123 4190 Foru,
1142 4139 1184 4189 op.
1203 4139 1237 4189 c.,
1258 4138 1284 4190 p.
1303 4124 1345 4189 35,
1367 4124 1489 4178 Lessium

400 4213 543 4279 sequente,
557 4212 657 4267 citatur
670 4225 719 4276 pro
732 4210 783 4265 hac
794 4208 938 4265 sententia.
