3242 4959
356 497 419 543 car.
438 497 469 544 u.
487 496 1005 550 3333333333333333333333331333.
1157 477 1230 544 203

125 661 305 727 industriae
330 663 546 740 tribulamini,
575 663 620 725 vel
650 663 768 726 lucrum
791 662 888 725 oritur
913 661 1082 726 formaliter
1102 667 1167 723 tum
1188 678 1229 724 ex
1298 701 1301 704 -

128 761 251 833 labore.
266 771 331 827 tum
346 779 384 826 33
399 761 489 825 relos
504 777 572 825 cum
589 761 700 841 quibus
714 762 845 842 pecunia
857 777 912 824 sua
924 760 1042 840 abipso
1055 769 1223 823 commota·

129 868 183 924 tur
196 863 245 939 (a)

162 1111 283 1172 (illude
301 1111 387 1177 liquet
405 1110 577 1166 sterilitatem
596 1110 726 1175 pecuniae
745 1110 839 1166 haberi
860 1111 889 1164 13
901 1111 1000 1167 Schola
1015 1115 1047 1166 ut
1059 1108 1229 1178 principium

127 1191 320 1258 independens
338 1207 353 1246 a
373 1191 450 1248 lactis
468 1191 692 1258 contingentibus
710 1192 781 1247 vitae
800 1193 994 1253 oeconomicae,
1006 1188 1110 1259 333333
1127 1207 1142 1247 3
1160 1207 1224 1249 vera

126 1274 256 1342 ejusdem
268 1275 411 1330 axiomatis
424 1275 648 1342 interpretatione
659 1275 786 1330 aberrare
795 1275 843 1340 oui
852 1279 979 1330 asserunt
992 1275 1229 1332 ideoscolasiicos

128 1357 203 1412 hanc
220 1357 497 1422 improductivitatem
515 1357 666 1419 adstruere,
680 1358 744 1422 cuia
762 1357 808 1412 illo
826 1363 951 1422 ternpore
967 1357 1002 1412 de
1018 1360 1132 1424 pecunia
1146 1351 1224 1415 num-

128 1453 214 1506 ouam
227 1438 269 1494 vel
283 1453 344 1493 raro
357 1439 458 1494 lucrari
470 1442 590 1504 possent.
602 1439 730 1503 Quaestio
743 1440 827 1505 igitur
840 1454 896 1495 non
908 1441 1021 1506 ponitur
1033 1441 1061 1495 13
1074 1441 1135 1502 hoc,
1148 1440 1222 1507 cuod

123 1525 199 1577 ,tunc
211 1535 267 1576 non
279 1520 362 1577 luerit
373 1522 497 1588 capitale,
519 1523 595 1576 «nisi
612 1521 772 1588 capitalem
791 1529 883 1585 uota»,
902 1536 950 1578 seu
971 1537 1027 1589 333
1042 1523 1155 1588 ponitur
1171 1523 1227 1577 «in

128 1603 309 1659 distinctione
322 1604 393 1658 inter
411 1603 700 1660 monetam-metallum
720 1608 858 1659 mortuam
876 1608 904 1659 et
921 1605 1048 1668 otiosam,
1061 1619 1092 1659 ac
1109 1604 1224 1670 capitale

127 1685 219 1740 activo
232 1685 314 1740 modo
326 1684 489 1740 adhibitum.
499 1699 515 1729 >a
527 1683 564 1740 Cl.
578 1687 694 1747 1133333,
707 1700 748 1749 op.
762 1700 796 1747 c.,
812 1699 837 1750 p.
851 1685 909 1748 131,
925 1688 952 1742 31
963 1679 1093 1741 'catholici
1112 1681 1227 1750 passim.

127 1794 162 1803 -
173 1768 229 1822 Nec
246 1766 328 1822 talem
341 1769 594 1834 interpretationem
607 1767 786 1822 necessariam
803 1768 932 1823 ducimus
947 1768 980 1823 ad
998 1768 1150 1824 doctrinam
1166 1782 1229 1823 sco·

127 1850 253 1905 lasticam
260 1850 414 1906 rationabili
422 1849 504 1905 modo
512 1850 1220 1915 explicandamctEeelesiacdoctrinaeevolutionem

127 1932 222 1998 ouoad
235 1932 753 1998 praximjustificandam—aroniim
763 1933 991 1998 (Grrmdsdlae...,
1003 1949 1030 2000 p.
1040 1932 1226 1999 3913333333

126 2015 217 2078 magis
228 2014 391 2070 attendenda
403 2015 468 2071 huic
479 2015 607 2069 axiomati
620 2016 759 2071 annotavit
773 2035 778 2069 :
792 2033 808 2062 «
817 2017 867 2070 llas
878 2016 986 2072 3311333
999 2017 1076 2071 31311
1087 2030 1145 2078 333,
1161 2015 1224 2070 dass

127 2098 179 2153 das
191 2097 257 2153 Geld
271 2099 298 2152 in
311 2097 488 2163 Verbindung
500 2099 550 2153 mit
568 2098 768 2153 mcusclrliclrer
779 2099 873 2154 131311
884 2100 970 2161 Lolrn,
984 2099 1103 2154 Frdclrle
1116 2101 1144 2153 in
1155 2097 1222 2154 Geld

127 2193 266 2245 erzeugen
285 2181 402 2236 moclrte.
422 2181 473 2238 1133
491 2180 577 2236 131331
596 2180 654 2235 also
689 2181 733 2235 die
745 2181 839 2236 131311
851 2181 922 2235 kann
941 2181 989 2235 das
1005 2195 1040 2235 33
1058 2181 1117 2235 31313
1129 2180 1223 2235 sterile

128 2262 197 2318 Geld
211 2261 381 2318 belruchten.
400 2263 480 2318 Niclrt
498 2267 580 2326 elwa,
593 2263 656 2318 dass
674 2262 722 2318 das
740 2262 818 2326 Geld,
831 2263 871 2318 als
887 2261 1228 2328 ὒ3311311313331131,1113

124 2347 339 2418 3131333131133,
362 2346 529 2411 produciren
549 2347 605 2401 und
626 2349 667 2399 313
688 2349 789 2400 Footor
808 2351 858 2400 der
880 2348 1042 2399 Production
1066 2350 1143 2399 31333
1169 2345 1220 2398 Ge-

127 2429 332 2482 irooolswortla
343 2430 428 2483 13133
445 2431 542 2482 133313
548 2447 557 2492 ;
574 2430 644 2484 3331
660 2443 720 2484 war
737 2429 848 2484 hiermit
865 2429 941 2484 nicht
956 2430 1085 2495 gemeint.
1098 2428 1160 2484 dass
1172 2428 1221 2484 das

127 2511 197 2567 Geld
215 2511 323 2567 darum.
341 2512 406 2567 weil
427 2525 457 2566 es
477 2511 540 2566 dem
560 2512 695 2576 Erborger
717 2511 745 2566 in
767 2511 935 2577 Verbinding
951 2513 1002 2567 mit
1019 2513 1109 2568 seioer
1126 2511 1226 2567 131311.

126 2594 233 2649 Nuizen
245 2594 346 2659 bringi,
359 2594 406 2656 1113
418 2596 507 2646 313333
525 2596 638 2646 13131333
655 2597 732 2646 cioca
751 2584 1219 2660 11313333131333311313331131]-

127 2676 183 2728 le'eh
204 2677 263 2728 ciac
286 2676 438 2742 Verpiiiamp
458 2679 504 2729 des
525 2677 686 2729 Dorieilrers
706 2675 832 2740 bedirrpe.
853 2676 990 2730 Vielmcltr
1009 2689 1069 2730 war
1087 2675 1225 2732 darunter

126 2757 302 2821 verstanden,
315 2757 386 2822 dass,
401 2773 484 2813 33333
497 2759 546 2812 mit
558 2773 621 2814 ucm
633 2759 771 2824 llingebcn
784 2757 833 2812 des
845 2757 975 2812 llarlelms
986 2757 1048 2812 eine
1060 2757 1153 2811 arbeit
1168 2756 1220 2812 des

127 2838 284 2894 liarleihers
296 2839 456 2895 verbunden
468 2839 535 2896 oder
552 2841 580 2894 13
596 2839 645 2894 dcr
657 2840 988 2904 liarlclmsrorstreclrung
999 2839 1061 2894 eine
1072 2838 1221 2894 wirldiche·

123 2921 223 2976 Ι131311
235 2921 284 2976 des
295 2921 448 2976 Darleilrers
466 2921 599 2987 hegrilicn
617 2935 684 2984 war,
698 2921 824 2976 derscllrc
842 2936 900 2976 333
916 2937 1005 2986 wepen
1024 2924 1112 2974 dieser
1127 2924 1218 2974 331333

126 3005 664 3070 1313113133133311333333131113333
682 3003 770 3060 dlirle.
784 3003 907 3059 13331333
918 3003 1005 3060 smdet
1016 3003 1073 3058 also
1090 3003 1138 3058 das
1150 3003 1215 3060 Geld

126 3089 156 3138 13
168 3089 218 3140 der
243 3089 420 3154 Vereinipurp
438 3089 487 3139 33311
505 3090 555 3140 333
573 3088 667 3139 131311
686 3086 730 3141 dic
748 3087 916 3152 1131133333,
937 3085 1163 3152 lroclrtlrringend
1181 3101 1215 3141 zu

126 3169 253 3233 werden,
267 3169 375 3235 gerade,
388 3169 444 3224 wie
455 3170 523 3225 3331
541 3171 629 3224 ciuem
647 3168 739 3234 lriiulig
754 3183 808 3223 von
825 3169 879 3224 den
895 3169 1058 3225 Canonislcn
1069 3170 1222 3224 1333131333

127 3250 270 3316 Vergleich
290 3250 339 3306 das
360 3249 485 3305 Geireide
505 3250 592 3306 durch
613 3249 658 3305 die
678 3250 771 3305 131311
791 3251 829 3304 im
850 3249 991 3305 ilclrerleld
1011 3248 1215 3317 lruclrttragend

127 3332 235 3387 wird.»
254 3332 323 3387 llaec
340 3334 431 3386 tamen
449 3330 543 3387 ultima
562 3332 739 3397 comparatio
753 3331 786 3386 ad
805 3336 924 3387 mentem
942 3334 1024 3388 etiam
1043 3333 1215 3388 «canonista-

129 3428 223 3478 rum»,
243 3414 386 3477 claudicat,
405 3428 469 3470 3333
488 3415 593 3476 semini,
614 3429 694 3471 secus
712 3429 742 3470 ac
761 3417 902 3481 pecuniae,
922 3416 1068 3482 quamdam
1085 3417 1214 3470 virtutem

127 3497 242 3551 activam
260 3501 407 3562 agnoscant
420 3515 427 3550 ε
441 3510 491 3551 333
509 3497 630 3552 occurrit
647 3495 720 3562 apud
738 3501 844 3552 veteres
858 3498 1031 3563 scolasticos,
1043 3497 1091 3552 sed
1108 3501 1217 3552 tanturn

128 3579 199 3644 apud
214 3581 390 3646 posteriores,
404 3581 454 3646 oui
467 3581 609 3646 pecuniam
621 3581 768 3648 aliquando
779 3583 900 3636 11331331
913 3581 1076 3637 1333331333.

160 3665 194 3728 (l)
211 3665 260 3720 llic
276 3666 422 3720 maximam
439 3667 618 3722 attentionem
636 3670 759 3723 meretur
779 3668 903 3723 doctrina
921 3669 1041 3723 auctoris
1058 3681 1153 3732 opusc.
1171 3667 1219 3718 Dc

133 3747 227 3800 Usoris
238 3747 271 3809 (o.
285 3747 337 3808 lli).
351 3750 439 3812 agens
456 3747 491 3802 de
509 3749 623 3814 pecunia
641 3750 786 3804 commissa
807 3749 1016 3821 mercatoribus,
1028 3749 1076 3814 oui
1088 3762 1152 3803 cum
1164 3747 1220 3806 133

128 3832 235 3883 nomine
253 3832 356 3882 3333131
373 3829 516 3901 lucrentur
533 3849 541 3885 ε
561 3834 631 3886 «331
649 3832 806 3887 commissio
822 3831 853 3887 sit
871 3833 1011 3898 pecuniae,
1030 3833 1067 3886 ita
1087 3831 1155 3896 ipse,
1176 3830 1213 3886 ita

129 3912 201 3977 cuod
215 3912 379 3968 transfertur
390 3913 544 3968 dominium
563 3915 591 3968 in
609 3918 667 3970 toto
683 3915 725 3970 uel
745 3919 822 3980 parte
834 3917 873 3970 rei
885 3915 1045 3970 commissae
1057 3915 1085 3968 13
1097 3916 1214 3980 potesta·

129 3997 183 4050 tem
202 3994 264 4062 ejus
283 3996 328 4052 cui
349 3996 544 4062 committitur;
567 4000 614 4052 aut
634 3997 670 4052 ila
690 3996 722 4051 lit
741 3998 909 4061 commissio,
929 3997 1002 4062 cuod
1021 4010 1076 4051 non
1094 3997 1219 4052 trauseat

127 4075 291 4141 dominium,
304 4077 352 4134 sed
365 4082 486 4134 remanet
506 4080 561 4134 tota
581 4093 624 4134 res
642 4079 786 4138 commissa
805 4079 834 4139 13
850 4079 973 4135 dominio
984 4078 1216 4137 committentis...

126 4159 253 4217 Secundo
264 4160 347 4216 modo
360 4163 450 4227 potest
461 4161 564 4226 sperari
581 4163 690 4218 lucrum
707 4161 766 4218 sine
781 4162 849 4217 vitio
866 4176 975 4224 usurae,
988 4162 1051 4228 quia
1063 4164 1130 4217 tunc
1140 4176 1214 4216 com·

129 4243 209 4299 missa
221 4247 264 4300 eat
276 4245 390 4310 pecunia
402 4243 443 4300 vel
462 4257 505 4302 res
521 4244 573 4300 alia
589 4245 660 4303 sicut
676 4259 755 4301 servo
771 4248 799 4300 et
816 4245 952 4308 ministro,
965 4244 1013 4311 oui
1024 4247 1057 4298 cte
1068 4247 1221 4305 rademini
