3242 4959
390 501 454 567 204
762 519 835 566 runs
849 518 971 565 auram.
988 518 1068 564 sacr.
1085 518 1106 564 r.

433 686 519 748 Patet
539 684 609 749 heic
628 685 789 765 pecuniam
813 682 1001 748 considerari
1025 691 1059 747 ut
1079 683 1241 765 pecuniam
1264 683 1365 764 quoad
1390 698 1485 746 usum

391 784 604 866 principalem.
631 786 763 858 Etenim,
791 785 817 848 si
844 787 901 850 sub
923 785 986 849 alio
1004 792 1142 865 respectu
1168 784 1206 848 de
1233 784 1300 864 ipsa
1325 794 1483 865 ageretur,

390 985 565 1052 negotiantur
576 983 610 1040 ad
623 984 769 1040 utilitatem
781 984 886 1040 domini
899 984 957 1050 sui;
971 987 998 1040 et
1011 983 1073 1040 ideo
1085 984 1260 1040 committens
1269 985 1359 1049 potest
1371 997 1487 1049 sperare

390 1065 499 1123 lucmm
511 1068 583 1124 siout
594 1081 629 1123 ex
641 1081 671 1123 re
682 1081 731 1124 sua
743 1071 770 1123 et
784 1069 824 1123 sic
837 1082 893 1123 uon
904 1067 1004 1124 accidit
1015 1068 1093 1131 sorti,
1104 1081 1155 1123 nec
1167 1067 1324 1133 possidetur
1336 1068 1396 1122 sine
1408 1066 1486 1133 justo

388 1147 482 1214 titulo,
496 1148 558 1214 quia
571 1149 644 1205 sicut
655 1148 694 1204 rei
708 1150 835 1215 propriae
848 1151 953 1216 partem
965 1149 1072 1215 recipit,
1086 1155 1241 1203 nontamen
1259 1155 1369 1214 portum
1380 1151 1486 1202 numis-

389 1233 471 1284 matis
482 1245 517 1284 ex
528 1233 690 1285 numismate
707 1234 873 1295 immediate,
892 1231 940 1287 sed
959 1237 1069 1296 portam
1087 1235 1209 1296 ipsorum
1228 1245 1413 1295 rerumquae
1432 1245 1487 1294 per

387 1315 554 1366 numismata
573 1329 622 1366 sun
641 1320 704 1366 sant
723 1318 868 1377 ocqarisitoe
882 1315 958 1379 jusm
978 1317 1217 1368 eornmatotione.»
1241 1315 1308 1368 llein
1330 1315 1424 1368 monet
1446 1312 1487 1368 de

389 1394 486 1451 fraude
498 1394 576 1452 facile
587 1397 730 1459 existente,
744 1397 875 1463 additque
889 1416 895 1452 :
909 1400 999 1453 «tunc
1016 1411 1083 1463 ergo
1101 1397 1259 1463 huiusmodi
1272 1396 1486 1453 commissiones

301 1472 303 1476 ’
388 1475 465 1533 licite
476 1475 535 1533 fleri
549 1481 674 1543 possunt,
688 1478 797 1543 quando
817 1482 946 1534 mutuum
963 1478 1005 1534 vel
1025 1478 1179 1534 similitudo
1197 1479 1286 1533 mutui
1300 1492 1355 1533 non
1368 1479 1486 1544 permis·

388 1561 469 1614 cetur
480 1560 508 1614 in
521 1559 630 1625 talibus,
641 1560 688 1616 sed
701 1564 851 1614 domimum
863 1563 996 1614 retinetur
1008 1575 1068 1615 earm
1080 1562 1199 1626 periendo
1210 1560 1285 1626 quod
1297 1560 1486 1616 communiter

390 1641 514 1698 accidere
526 1645 647 1709 potest...
656 1658 672 1688 »

424 1724 496 1788 Quae
516 1724 539 1779 si
560 1723 683 1780 conferas
705 1739 768 1781 curn
788 1725 871 1781 modo
892 1724 1021 1792 loquendi
1043 1724 1094 1779 lt.
1117 1725 1303 1789 posteriorum
1320 1722 1364 1787 (cf.
1385 1738 1482 1790 supra,

390 1805 657 1872 p.a00t,qui,eadem
667 1808 695 1862 in
706 1807 904 1874 hypothesim
913 1806 1112 1863 «foecunditate
1122 1807 1274 1872 pecuniae»
1284 1807 1483 1873 loquebantur,

389 1886 495 1942 theoria
513 1888 558 1943 illa
576 1890 712 1954 primitiva
729 1888 817 1944 multo
833 1890 987 1945 accuratior
1002 1891 1123 1955 apparet.
1135 1889 1248 1944 Saeculo
1265 1889 1328 1951 lllll,
1343 1889 1413 1943 soro
1427 1889 1486 1948 (De

383 1970 492 2035 justitia
510 1977 534 2023 et
551 1972 621 2034 iore,
642 1972 669 2026 L.
684 1972 724 2028 Vl.
745 1986 772 2038 q.
786 1972 827 2034 ll,
847 1986 872 2027 a.
886 1972 910 2031 l)
930 1970 1108 2027 contenderat
1127 1971 1157 2025 in
1176 1972 1315 2034 socictate,
1337 1970 1385 2026 ubi
1406 1985 1485 2026 unus

391 2051 483 2106 socius
494 2053 602 2107 nonnisi
616 2055 760 2118 pecuniam
779 2053 881 2118 afferat,
895 2053 979 2120 nujus
992 2052 1102 2108 lucrum
1114 2066 1175 2109 esse
1186 2051 1386 2108 aestimandum
1403 2051 1484 2118 juxta

386 2133 607 2191 aestimationem
623 2138 739 2200 permiti
756 2137 799 2191 cui
819 2135 879 2202 ejus
898 2136 1012 2202 pecunia
1028 2136 1191 2201 exponatur,
1204 2141 1232 2190 ct
1245 2149 1298 2190 non
1310 2135 1386 2201 juxta
1398 2151 1484 2201 qoun-

391 2217 494 2270 titdlem
508 2219 640 2283 pecuniae
652 2217 776 2274 traditae.
791 2218 868 2283 Quod
880 2222 1015 2274 assertum
1028 2231 1091 2273 cum
1103 2218 1175 2273 esset
1190 2232 1315 2273 «novum
1328 2219 1481 2281 inventum,

390 2314 446 2366 quo
466 2300 557 2357 adhuc
576 2301 646 2356 nulli
668 2303 852 2368 negotiatores
874 2303 917 2358 usi
937 2305 1034 2364 sunt».
1058 2304 1089 2357 ut
1112 2301 1150 2355 ait
1171 2301 1312 2356 Manmuus
1331 2301 1484 2356 Nnvnltltus

393 2381 524 2446 (Secundo
542 2385 617 2437 Pars
628 2386 748 2448 Decreti,
761 2399 785 2439 c.
799 2384 875 2449 XVII,
889 2399 916 2440 n.
929 2384 996 2446 lii),
1009 2384 1194 2439 communiter
1206 2381 1336 2448 reiectum
1349 2386 1400 2438 est.
1414 2384 1484 2439 Cum

385 2466 490 2528 autern,
510 2467 617 2530 praeter
636 2464 748 2520 modum
767 2465 864 2531 agendi
882 2466 1060 2532 prudentum,
1073 2464 1179 2519 llomua
1192 2465 1482 2530 (parastaticarum,

385 2545 462 2613 disp.
483 2546 543 2610 dra,
565 2562 593 2602 n.
614 2547 687 2609 flet
707 2550 769 2614 post
790 2549 881 2613 ipsum
902 2549 1035 2602 Wroouas
1056 2547 1086 2609 (t.
1108 2561 1142 2609 e.,
1164 2561 1192 2602 n.
1211 2546 1253 2608 8⁶2)
1271 2547 1432 2602 ulteriorem
1451 2561 1484 2602 ac

390 2628 566 2685 intrinsecam
577 2633 710 2695 quaerant
722 2631 856 2686 rationem
870 2630 945 2686 illius
957 2644 1033 2692 usus,
1048 2629 1200 2695 loquuntur
1218 2630 1339 2694 praecise
1350 2629 1386 2684 de
1397 2643 1484 2694 supra

388 2710 461 2767 dicta
474 2712 605 2777 pecuniae
618 2711 794 2769 foecunditate
808 2732 815 2768 ε
829 2727 915 2769 «carm
931 2716 1005 2768 tauta
1023 2714 1154 2779 pecuniae
1165 2726 1282 2774 summa,
1295 2713 1332 2767 ita
1344 2713 1480 2778 wiggero,

386 2793 536 2859 praecipue
547 2793 580 2850 ad
594 2794 703 2850 lucrum
722 2798 897 2860 cooperetur,
910 2797 937 2850 et
949 2799 1080 2861 operetur
1091 2799 1123 2851 ut
1135 2796 1349 2850 instrumentum
1360 2793 1421 2859 eius
1432 2794 1483 2860 qui

384 2877 518 2942 apposuit
528 2878 556 2932 ct
568 2876 692 2942 periculo
711 2877 807 2943 ipsius,
821 2877 972 2933 absurdum
991 2877 1104 2932 omniuo
1121 2880 1245 2943 apparet,
1258 2876 1402 2939 affirmare,
1415 2889 1481 2931 eum

389 2958 438 3017 uui
450 2959 587 3024 apposuit,
602 2972 682 3025 posse
700 2959 791 3015 solum
810 2960 974 3026 participare
991 2958 1026 3014 de
1045 2959 1132 3024 lucro,
1145 2962 1278 3025 quantum
1290 2957 1483 3013 aestimabit-ur

384 3040 552 3105 periculum.
566 3044 594 3096 et
606 3055 662 3096 non
674 3041 756 3097 simul
769 3042 852 3096 etiarn
868 3054 904 3096 ex
922 3040 970 3097 illo
982 3041 1079 3106 capite,
1092 3040 1166 3106 quod
1179 3039 1293 3096 effectus
1305 3038 1362 3102 ille,
1375 3039 1482 3094 scilicet

387 3119 506 3185 lucrum,
527 3123 560 3178 ab
579 3136 609 3178 ea
628 3123 711 3179 simul
731 3123 848 3189 pendeat
866 3126 894 3179 ct
911 3123 988 3189 quasi
1008 3125 1170 3178 causetur.»
1188 3125 1221 3176 At
1239 3123 1281 3176 est
1299 3121 1362 3176 talis
1380 3120 1483 3176 modus

384 3203 529 3270 loquendi,
549 3208 580 3260 ut
599 3205 763 3267 notavimus,
782 3219 841 3260 non
857 3218 971 3271 prorsus
989 3204 1111 3260 theoriae
1134 3205 1258 3269 ipsorum
1283 3202 1482 3258 fundamentali

382 3285 423 3342 de
443 3287 558 3353 pecunia
578 3290 785 3350 consentancum
809 3299 859 3341 uec
883 3287 1015 3341 rationem
1037 3284 1120 3341 tradit
1140 3285 1265 3340 ultimam
1286 3284 1354 3340 liciti
1378 3284 1450 3340 lucri
1473 3303 1480 3340 ε

388 3368 606 3435 utiquelucrum
626 3368 726 3424 factum
745 3368 891 3434 «pendet»
909 3382 923 3422 a
944 3369 1066 3434 pecunia,
1086 3367 1134 3424 sed
1153 3382 1272 3434 quonam
1291 3366 1383 3432 modo,
1401 3370 1483 3422 etan

384 3451 471 3508 modo
484 3465 539 3518 quo
552 3451 660 3506 lucrum
673 3451 827 3517 legitimum
838 3450 902 3506 flat?
919 3452 1034 3516 Insuper
1053 3451 1161 3507 lucrum
1174 3451 1288 3516 pecunia
1306 3452 1407 3515 ‹tquusa'
1417 3463 1482 3505 cau·

388 3538 497 3598 saturn
519 3547 637 3600 quanam
657 3547 723 3599 ergo
744 3547 773 3589 re
794 3533 957 3600 simpliciter
982 3535 1128 3588 causatur?
1149 3534 1229 3589 lliscc
1251 3533 1384 3598 Quaesitis
1406 3532 1482 3588 clare

388 3615 530 3682 respondit
549 3619 646 3672 auctor
665 3617 707 3670 De
733 3617 848 3670 Urania:
868 3618 1000 3681 «partuum
1020 3617 1072 3678 (est
1092 3615 1210 3676 luorum)
1229 3618 1351 3680 ipsumam
1372 3629 1479 3677 rerum,

382 3714 457 3769 quae
476 3713 525 3767 per
543 3701 706 3756 numismata
724 3715 773 3753 suo
793 3702 859 3755 sunt
878 3699 1027 3766 acquisitae
1048 3699 1119 3761 (att)
1140 3698 1211 3765 iusta
1229 3698 1482 3755 commutatione.»

386 3782 489 3850 Nempe
500 3783 652 3839 auctarium
664 3783 755 3838 oritur
771 3795 827 3836 nou
844 3793 878 3837 ex
891 3781 1005 3847 pecunia
1023 3780 1182 3845 formaliter,
1200 3780 1247 3836 sed
1266 3794 1300 3836 ex
1312 3783 1480 3836 «contractu

382 3863 520 3931 frugifero
527 3879 552 3930 a,
566 3864 593 3920 id
606 3867 648 3920 est
660 3878 694 3917 ec
706 3878 738 3916 re
748 3877 798 3929 per
808 3877 837 3916 ae
849 3865 908 3929 ipso
918 3864 1033 3917 tucrooo.
1045 3861 1082 3918 of.
1093 3862 1249 3926 Emuuunu,
1262 3862 1480 3926 Gruadsdtze...,

387 3946 534 4086 1)]ῗᾶὲὲ
526 3988 645 4080 tandem,
659 4021 682 4075 si
695 4020 724 4075 in
736 4018 975 4074 «commissione»
987 4032 1035 4074 seu
1048 4017 1223 4074 «societate»
1241 4017 1356 4083 pecunia
1369 4017 1482 4074 lucrum

386 4098 441 4156 fert
451 4099 527 4167 juxta
547 4102 727 4168 quantitatem
745 4115 833 4165 suam,
846 4103 874 4157 et
891 4114 947 4156 non
959 4100 1048 4156 solum
1060 4099 1137 4167 juxta
1149 4100 1313 4166 periculum,
1325 4125 1359 4138 -
1371 4099 1482 4155 etiamsi

386 4181 481 4238 nullus
501 4181 578 4239 labor
598 4183 741 4249 pecuniam
763 4183 912 4239 tribuentis
931 4182 1051 4238 invocari
1072 4185 1104 4238 ut
1124 4181 1193 4239 lucri
1214 4181 1314 4238 titulus
1336 4181 1433 4248 possit,
1445 4209 1482 4222 -

385 4261 496 4320 lucrum
514 4262 665 4321 formaliter
682 4265 773 4320 oritur
790 4278 847 4320 nou
863 4278 898 4321 ex
915 4265 1040 4331 pecunia,
1054 4263 1102 4320 sed
1114 4278 1149 4321 ex
1160 4277 1192 4321 re
1203 4276 1294 4331 perse
1306 4262 1481 4330 productiva,
