3242 4959
317 453 381 498 car.
400 454 420 498 r.
445 453 588 499 annueram
602 453 749 499 screnum
766 454 968 500 oeconourear.
1128 437 1190 500 loo

98 616 213 690 talis»,
231 617 296 696 qui,
317 624 385 696 post
407 618 645 681 controversiam
666 625 709 681 tot
732 619 935 689 saeculorum.
959 619 1082 683 demum
1103 628 1190 684 tanta

98 730 169 778 cum
185 715 327 777 firmitate
342 714 374 776 in
389 714 560 778 dominium
579 715 719 778 transivit
740 716 885 781 scientiae
906 717 1079 781 modernae.
1101 716 1191 792 Quod

98 823 250 877 assertum
266 831 301 878 en
317 815 515 894 sequentibus
529 816 643 879 clarius
659 816 719 878 det.

201 1081 215 1153 §
230 1079 254 1139 l.
274 1077 432 1154 Quaenam
446 1077 488 1140 sit
502 1077 646 1158 capitolia
660 1076 800 1139 moderni
814 1084 887 1140 uoto
903 1079 1084 1142 3333113113.

139 1294 222 1356 Luce
237 1293 349 1356 clarius
364 1301 500 1373 apparet.
518 1292 684 1357 hodiedum
699 1294 778 1357 bona
795 1311 849 1356 seu
868 1294 992 1357 divitias
1006 1310 1067 1357 non
1082 1293 1188 1356 eodem

98 1393 129 1454 in
144 1401 227 1455 statu
243 1393 369 1467 versari,
385 1382 442 1456 nec
456 1393 584 1477 proinde
599 1393 705 1456 eodem
722 1394 813 1456 modo
828 1393 1026 1474 concipienda
1037 1409 1115 1469 esse,
1130 1409 1189 1472 quo

98 1492 206 1554 multis
227 1492 339 1556 abhinc
364 1500 444 1557 retro
469 1493 669 1573 temporibus,
692 1493 757 1566 Qtra
786 1493 952 1556 mutatione
976 1493 1036 1556 alte
1062 1492 1194 1556 allicitur
1290 1525 1298 1542 .

98 1590 209 1669 triplex
220 1590 313 1669 quod,
327 1591 359 1651 in
371 1591 431 1653 vita
443 1592 630 1679 oeconomica
642 1591 806 1666 societatis,
821 1590 1020 1670 distinguitur
1030 1590 1162 1653 stadium
1179 1605 1186 1651 :

99 1705 221 1769 nempe,
238 1688 441 1753 abstrahendo
456 1706 474 1752 a
489 1691 750 1754 consummatione
766 1689 928 1764 bonorum,
947 1699 1011 1752 tum
1031 1687 1193 1769 productio

91 1804 150 1850 seu
170 1788 333 1851 efficientia
357 1789 505 1859 valorum.
523 1800 588 1850 tum
609 1789 784 1852 eorumdem
807 1789 1005 1851 commutatio
1029 1805 1082 1851 seu
1100 1811 1114 1844 (t
1129 1787 1189 1850 cir·

99 1886 253 1961 eulatia»,
271 1896 334 1949 tum
357 1888 533 1951 eorumdem
556 1888 742 1951 distributio.
765 1888 852 1962 Quod
875 1887 1028 1966 imprimis
1049 1887 1189 1966 explora-

98 1992 199 2048 torum
215 1985 359 2048 audaciac
374 1986 468 2060 felici,
486 1995 516 2050 et
529 1987 726 2049 scientiarum
742 1986 891 2049 cultorum
908 1985 1050 2048 foecundo
1066 1985 1193 2065 ingenio

99 2091 143 2145 est
156 2083 353 2146 tribuendum
372 2101 378 2146 :
397 2084 520 2147 illorum
536 2086 618 2147 enim
634 2084 783 2147 industria
799 2095 829 2146 et
851 2085 954 2148 labore
976 2099 1070 2146 novae
1093 2091 1192 2145 terrae

98 2183 250 2245 humanae
261 2182 405 2245 activitati
419 2183 585 2262 patefactae
597 2192 679 2258 suut,
695 2192 724 2246 et
735 2184 825 2245 simul
841 2183 920 2245 vires
933 2182 1098 2256 naturales
1114 2181 1188 2244 olim

98 2281 275 2344 hominibus
290 2281 498 2355 absconditae,
512 2281 673 2344 hominum
690 2281 831 2344 manibus
847 2281 934 2360 quasi
950 2287 1054 2360 captae
1065 2289 1146 2355 sunt,
1160 2286 1188 2342 et

99 2379 175 2442 mira
191 2378 370 2441 auctoritate
386 2386 494 2441 rectae.

140 2479 171 2540 l⁰
194 2478 298 2555 ltaque
313 2476 477 2556 productio
493 2477 614 2556 penitus
636 2477 808 2541 modificata
824 2485 870 2538 est
889 2477 1062 2555 centiesque
1085 2475 1188 2538 multi-

100 2575 222 2654 plicata,
240 2583 303 2637 tum
319 2575 357 2638 ob
373 2575 578 2637 introductam
600 2575 783 2638 divisionem
806 2576 920 2639 laboris
943 2575 1106 2648 infinitam,
1123 2581 1188 2636 tum

101 2674 137 2736 ob
153 2674 267 2736 laboris
282 2674 324 2735 ita
340 2673 430 2738 divisi
446 2673 653 2754 prodigiosam
679 2690 733 2753 per
748 2675 949 2736 instrumenta
972 2673 1193 2752 machinasque

101 2770 369 2834 foeoundationem.

139 2870 171 2932 2⁰
193 2869 309 2932 Eodem
324 2868 416 2931 modo
435 2884 495 2948 quo
517 2869 674 2948 productio
696 2868 815 2930 evoluta
837 2879 892 2945 est,
917 2869 1066 2932 bonorum
1088 2867 1188 2931 circo-

102 2966 174 3029 lotio
189 2983 351 3047 progressa
367 2975 412 3029 est
427 2983 505 3029 nexu
522 2966 691 3029 necessario
710 2982 717 3027 :
732 2966 795 3043 jam
811 2967 931 3029 saeculo
946 2968 1014 3030 XVI
1035 2975 1124 3030 natus
1142 2975 1193 3030 est

61 3107 64 3113 -
101 3066 417 3143 333331111333313),
434 3083 512 3145 quae
528 3065 643 3128 theoria
659 3066 784 3128 omnino
800 3065 988 3129 allaborabat
1003 3076 1035 3129 ut
1051 3083 1188 3130 commu·

102 3167 229 3230 tationes
244 3183 345 3230 rerum
361 3184 421 3247 quo
440 3167 531 3230 modo
553 3167 683 3230 faciliori
706 3167 822 3240 fierent,
841 3167 893 3230 sed
915 3184 992 3247 quae
1013 3166 1186 3243 infeliciter,

103 3265 137 3327 ab
153 3266 238 3328 omni
258 3266 410 3345 principio
431 3266 531 3329 altiori
552 3265 687 3343 justitiae
708 3266 936 3345 honestatisque
959 3266 1186 3346 praescindens

103 3364 133 3426 in
144 3365 221 3445 ipsis
232 3367 522 3430 commutationibus
535 3366 709 3429 insatiabile
721 3366 882 3446 appetebat
895 3366 1023 3430 lucrum.
1034 3365 1188 3447 Quidquid

104 3463 140 3526 sit
154 3464 190 3527 de
206 3465 263 3529 hac
276 3467 382 3530 ultima
394 3467 625 3530 mercantilismi
638 3476 720 3541 nota,
735 3467 772 3529 de
784 3466 863 3529 facto
877 3466 908 3527 iu
921 3467 982 3530 vita
1001 3465 1188 3529 oeconomica

134 3700 167 3762 (li
183 3701 221 3755 lie
239 3699 292 3754 hoc
310 3703 456 3764 systemate
472 3701 652 3764 oeoonomieo.
665 3699 699 3756 cf.
713 3701 799 3755 Kotes
817 3702 952 3762 lnonnuu.
969 3702 1123 3756 Gesobiclrta
1139 3705 1189 3755 der

110 3781 555 3845 13113313333131333(11313333.
569 3784 597 3838 11.
611 3785 774 3847 hosmundi,
784 3799 812 3849 ll·
823 3784 909 3838 11-15.
920 3784 1071 3850 tubingen.
1085 3785 1186 3850 Laopp,

106 3862 181 3930 1999;
200 3865 229 3920 P.
249 3865 431 3926 Lrnunrtronn,
450 3865 593 3928 Principes
613 3866 771 3919 d'ieonomie
791 3867 927 3932 potitique,
948 3866 1025 3927 (trad.
1046 3880 1079 3920 nu
1098 3867 1186 3928 Suari,

106 3947 262 4011 3139139.
282 3948 365 4010 Paris,
386 3947 484 4013 Oudin.
504 3948 930 4014 1891.93.8.113335-Ι1333333,
950 3949 1120 4004 cranmere
1137 3952 1192 4002 der

111 4029 433 4095 Votlrswirtseboftstebre.
447 4046 472 4097 p.
486 4029 535 4087 189
547 4045 581 4094 s..
595 4032 727 4098 Freiburg
744 4033 804 4094 illi..
824 4031 935 4095 ilerden.
955 4030 1028 4097 1896;
1048 4033 1071 4088 1.
1085 4034 1186 4096 Favnn,

106 4109 143 4163 de
150 4113 207 4174 prat
216 4115 233 4166 d
242 4113 341 4166 iote'rit
349 4117 417 4167 dans
426 4115 570 4167 l'oneieurre
579 4115 696 4178 Franco,
709 4129 735 4180 p.
746 4114 903 4179 1131931.
914 4115 1057 4182 hunuano,
1067 4116 1193 4171 Histoire

108 4195 148 4246 des
158 4197 290 4262 doctrinas
301 4197 493 4262 e'eonomiques,
504 4195 532 4250 qe
543 4195 599 4262 ed..
612 4213 639 4263 p.
652 4196 754 4253 95131.
