<?xml version="1.0" encoding="UTF-8"?>
<!DOCTYPE html PUBLIC "-//W3C//DTD XHTML 1.0 Transitional//EN"
    "http://www.w3.org/TR/xhtml1/DTD/xhtml1-transitional.dtd">
<html xmlns="http://www.w3.org/1999/xhtml" xml:lang="en" lang="en">
 <head>
  <title>
</title>
<meta http-equiv="Content-Type" content="text/html;charset=utf-8" />
  <meta name='ocr-system' content='tesseract 3.04.00' />
  <meta name='ocr-capabilities' content='ocr_page ocr_carea ocr_par ocr_line ocrx_word'/>
</head>
<body>
  <div class='ocr_page' id='page_1' title='image "./dejustoauctario00roeygoog_0284.png"; bbox 0 0 3242 4959; ppageno 0'>
   <div class='ocr_carea' id='block_1_1' title="bbox 408 433 1132 498">
    <p class='ocr_par' dir='ltr' id='par_1_1' title="bbox 408 433 1132 498">
     <span class='ocr_line' id='line_1_1' title="bbox 408 433 1132 498; baseline -0.008 0"><span class='ocrx_word' id='word_1_1' title='bbox 408 433 474 498; x_wconf 55' lang='grc' dir='ltr'><strong>Ἀθ</strong></span> <span class='ocrx_word' id='word_1_2' title='bbox 668 463 670 468; x_wconf 36' lang='lat' dir='ltr'>v</span> <span class='ocrx_word' id='word_1_3' title='bbox 718 493 720 498; x_wconf 86' lang='grc'><em>,</em></span> <span class='ocrx_word' id='word_1_4' title='bbox 775 447 984 494; x_wconf 71' lang='lat' dir='ltr'><strong>amnuerunt.</strong></span> <span class='ocrx_word' id='word_1_5' title='bbox 1001 447 1081 493; x_wconf 84' lang='lat' dir='ltr'><strong>secr.</strong></span> <span class='ocrx_word' id='word_1_6' title='bbox 1099 448 1132 494; x_wconf 87' lang='lat' dir='ltr'><strong>rr.</strong></span> 
     </span>
    </p>
   </div>
   <div class='ocr_carea' id='block_1_2' title="bbox 422 611 1500 696">
    <p class='ocr_par' dir='ltr' id='par_1_2' title="bbox 422 611 1500 696">
     <span class='ocr_line' id='line_1_2' title="bbox 422 611 1500 696; baseline -0.004 -16"><span class='ocrx_word' id='word_1_7' title='bbox 422 648 437 686; x_wconf 33' lang='lat' dir='ltr'><strong>,r</strong></span> <span class='ocrx_word' id='word_1_8' title='bbox 452 617 563 691; x_wconf 79' lang='lat' dir='ltr'><strong>Porro,</strong></span> <span class='ocrx_word' id='word_1_9' title='bbox 576 629 649 678; x_wconf 85' lang='lat' dir='ltr'><strong>casu</strong></span> <span class='ocrx_word' id='word_1_10' title='bbox 664 614 706 678; x_wconf 91' lang='lat' dir='ltr'><strong>ita</strong></span> <span class='ocrx_word' id='word_1_11' title='bbox 720 614 833 696; x_wconf 86' lang='lat' dir='ltr'><strong>posito,</strong></span> <span class='ocrx_word' id='word_1_12' title='bbox 849 628 998 694; x_wconf 79' lang='lat' dir='ltr'><strong>negamus</strong></span> <span class='ocrx_word' id='word_1_13' title='bbox 1019 611 1101 693; x_wconf 85' lang='lat' dir='ltr'><strong>quod</strong></span> <span class='ocrx_word' id='word_1_14' title='bbox 1120 611 1160 678; x_wconf 92' lang='lat' dir='ltr'><strong>ab</strong></span> <span class='ocrx_word' id='word_1_15' title='bbox 1180 620 1308 693; x_wconf 82' lang='lat' dir='ltr'><strong>utroque</strong></span> <span class='ocrx_word' id='word_1_16' title='bbox 1325 619 1447 678; x_wconf 87' lang='lat' dir='ltr'><strong>auctore</strong></span> <span class='ocrx_word' id='word_1_17' title='bbox 1467 621 1500 678; x_wconf 90' lang='lat' dir='ltr'><strong>et</strong></span> 
     </span>
    </p>
   </div>
   <div class='ocr_carea' id='block_1_3' title="bbox 375 710 1498 2178">
    <p class='ocr_par' dir='ltr' id='par_1_3' title="bbox 408 710 1498 792">
     <span class='ocr_line' id='line_1_3' title="bbox 408 710 1498 792; baseline -0.006 -10"><span class='ocrx_word' id='word_1_18' title='bbox 408 732 428 782; x_wconf 91' lang='lat' dir='ltr'><strong>a</strong></span> <span class='ocrx_word' id='word_1_19' title='bbox 443 715 547 780; x_wconf 91' lang='lat' dir='ltr'><strong>Lessio</strong></span> <span class='ocrx_word' id='word_1_20' title='bbox 562 714 794 779; x_wconf 81' lang='lat' dir='ltr'><strong>tundamentum</strong></span> <span class='ocrx_word' id='word_1_21' title='bbox 809 711 933 792; x_wconf 89' lang='lat' dir='ltr'><strong>ponitur</strong></span> <span class='ocrx_word' id='word_1_22' title='bbox 949 728 958 774; x_wconf 76' lang='grc' dir='ltr'>ι</span> <span class='ocrx_word' id='word_1_23' title='bbox 974 727 1084 792; x_wconf 81' lang='lat' dir='ltr'>nempe</span> <span class='ocrx_word' id='word_1_24' title='bbox 1097 710 1316 792; x_wconf 81' lang='lat' dir='ltr'><strong>obligationem</strong></span> <span class='ocrx_word' id='word_1_25' title='bbox 1335 711 1421 776; x_wconf 92' lang='lat' dir='ltr'><strong>illam</strong></span> <span class='ocrx_word' id='word_1_26' title='bbox 1442 729 1498 776; x_wconf 88' lang='lat' dir='ltr'><strong>seu</strong></span> 
     </span>
    </p>

    <p class='ocr_par' dir='ltr' id='par_1_4' title="bbox 375 812 1498 1093">
     <span class='ocr_line' id='line_1_4' title="bbox 375 812 1498 895; baseline -0.004 -15"><span class='ocrx_word' id='word_1_27' title='bbox 375 821 382 833; x_wconf 80' lang='grc'><strong>“</strong></span> <span class='ocrx_word' id='word_1_28' title='bbox 407 817 575 880; x_wconf 78' lang='lat' dir='ltr'>carentiam</span> <span class='ocrx_word' id='word_1_29' title='bbox 590 831 657 878; x_wconf 89' lang='lat' dir='ltr'><strong>esse</strong></span> <span class='ocrx_word' id='word_1_30' title='bbox 671 831 733 895; x_wconf 84' lang='lat' dir='ltr'><strong>quo</strong></span> <span class='ocrx_word' id='word_1_31' title='bbox 749 813 839 876; x_wconf 82' lang='lat' dir='ltr'><strong>lolem</strong></span> <span class='ocrx_word' id='word_1_32' title='bbox 862 812 959 894; x_wconf 89' lang='lat' dir='ltr'><strong>pretio</strong></span> <span class='ocrx_word' id='word_1_33' title='bbox 972 812 1210 888; x_wconf 67' lang='lat' dir='ltr'><strong>aestimabilem</strong></span> <span class='ocrx_word' id='word_1_34' title='bbox 1228 828 1375 894; x_wconf 78' lang='lat' dir='ltr'>negamus</span> <span class='ocrx_word' id='word_1_35' title='bbox 1386 812 1498 877; x_wconf 90' lang='lat' dir='ltr'><strong>deinde</strong></span> 
     </span>
     <span class='ocr_line' id='line_1_5' title="bbox 408 909 1498 996; baseline -0.004 -18"><span class='ocrx_word' id='word_1_36' title='bbox 408 915 542 996; x_wconf 88' lang='lat' dir='ltr'><strong>pretium</strong></span> <span class='ocrx_word' id='word_1_37' title='bbox 568 912 729 977; x_wconf 79' lang='lat' dir='ltr'><strong>locationis</strong></span> <span class='ocrx_word' id='word_1_38' title='bbox 749 912 816 992; x_wconf 91' lang='lat' dir='ltr'><strong>agri</strong></span> <span class='ocrx_word' id='word_1_39' title='bbox 841 909 1009 974; x_wconf 87' lang='lat' dir='ltr'><strong>iorrualiter</strong></span> <span class='ocrx_word' id='word_1_40' title='bbox 1029 927 1096 974; x_wconf 90' lang='lat' dir='ltr'><strong>esse</strong></span> <span class='ocrx_word' id='word_1_41' title='bbox 1114 910 1393 992; x_wconf 82' lang='lat' dir='ltr'><strong>compensationem</strong></span> <span class='ocrx_word' id='word_1_42' title='bbox 1414 911 1498 990; x_wconf 79' lang='lat' dir='ltr'><strong>eius·</strong></span> 
     </span>
     <span class='ocr_line' id='line_1_6' title="bbox 408 1009 1219 1093; baseline -0.005 -17"><span class='ocrx_word' id='word_1_43' title='bbox 408 1013 492 1076; x_wconf 88' lang='lat' dir='ltr'><strong>modi</strong></span> <span class='ocrx_word' id='word_1_44' title='bbox 507 1011 716 1093; x_wconf 76' lang='lat' dir='ltr'><strong>obligationis,</strong></span> <span class='ocrx_word' id='word_1_45' title='bbox 732 1010 922 1091; x_wconf 86' lang='lat' dir='ltr'><strong>quodetiam</strong></span> <span class='ocrx_word' id='word_1_46' title='bbox 937 1018 1064 1089; x_wconf 75' lang='lat' dir='ltr'><strong>umrque</strong></span> <span class='ocrx_word' id='word_1_47' title='bbox 1078 1009 1219 1074; x_wconf 83' lang='lat' dir='ltr'><strong>affirmat.</strong></span> 
     </span>
    </p>

    <p class='ocr_par' dir='ltr' id='par_1_5' title="bbox 406 1111 1498 1488">
     <span class='ocr_line' id='line_1_7' title="bbox 423 1111 1497 1193; baseline 0.001 -19"><span class='ocrx_word' id='word_1_48' title='bbox 423 1169 425 1174; x_wconf 79' lang='grc'>,</span> <span class='ocrx_word' id='word_1_49' title='bbox 450 1113 487 1176; x_wconf 82' lang='lat' dir='ltr'><strong>ut</strong></span> <span class='ocrx_word' id='word_1_50' title='bbox 507 1111 632 1192; x_wconf 84' lang='lat' dir='ltr'><strong>quidem</strong></span> <span class='ocrx_word' id='word_1_51' title='bbox 647 1113 722 1176; x_wconf 88' lang='lat' dir='ltr'><strong>baec</strong></span> <span class='ocrx_word' id='word_1_52' title='bbox 736 1111 828 1192; x_wconf 90' lang='lat' dir='ltr'><strong>plana</strong></span> <span class='ocrx_word' id='word_1_53' title='bbox 844 1111 995 1185; x_wconf 84' lang='lat' dir='ltr'><strong>ridentur,</strong></span> <span class='ocrx_word' id='word_1_54' title='bbox 1012 1111 1041 1172; x_wconf 90' lang='lat' dir='ltr'><strong>si</strong></span> <span class='ocrx_word' id='word_1_55' title='bbox 1061 1119 1169 1176; x_wconf 87' lang='lat' dir='ltr'><strong>natura</strong></span> <span class='ocrx_word' id='word_1_56' title='bbox 1189 1111 1375 1190; x_wconf 83' lang='lat' dir='ltr'><strong>objectorum</strong></span> <span class='ocrx_word' id='word_1_57' title='bbox 1398 1112 1497 1193; x_wconf 88' lang='lat' dir='ltr'><strong>inspi-</strong></span> 
     </span>
     <span class='ocr_line' id='line_1_8' title="bbox 406 1209 1498 1290; baseline 0 -15"><span class='ocrx_word' id='word_1_58' title='bbox 406 1210 497 1275; x_wconf 91' lang='lat' dir='ltr'><strong>citur.</strong></span> <span class='ocrx_word' id='word_1_59' title='bbox 514 1211 603 1274; x_wconf 84' lang='lat' dir='ltr'><strong>Juxta</strong></span> <span class='ocrx_word' id='word_1_60' title='bbox 625 1210 777 1290; x_wconf 89' lang='lat' dir='ltr'><strong>principia</strong></span> <span class='ocrx_word' id='word_1_61' title='bbox 799 1209 949 1289; x_wconf 81' lang='lat' dir='ltr'><strong>superiori</strong></span> <span class='ocrx_word' id='word_1_62' title='bbox 971 1209 1099 1274; x_wconf 93' lang='lat' dir='ltr'><strong>articulo</strong></span> <span class='ocrx_word' id='word_1_63' title='bbox 1118 1210 1255 1290; x_wconf 81' lang='lat' dir='ltr'><strong>exposita</strong></span> <span class='ocrx_word' id='word_1_64' title='bbox 1271 1220 1300 1274; x_wconf 89' lang='lat' dir='ltr'><strong>et</strong></span> <span class='ocrx_word' id='word_1_65' title='bbox 1314 1227 1333 1274; x_wconf 92' lang='lat' dir='ltr'><strong>a</strong></span> <span class='ocrx_word' id='word_1_66' title='bbox 1347 1211 1438 1275; x_wconf 78' lang='lat' dir='ltr'><strong>dard.</strong></span> <span class='ocrx_word' id='word_1_67' title='bbox 1456 1210 1498 1275; x_wconf 91' lang='lat' dir='ltr'><strong>de</strong></span> 
     </span>
     <span class='ocr_line' id='line_1_9' title="bbox 408 1307 1498 1389; baseline -0.001 -16"><span class='ocrx_word' id='word_1_68' title='bbox 408 1311 493 1389; x_wconf 87' lang='lat' dir='ltr'><strong>Lugo</strong></span> <span class='ocrx_word' id='word_1_69' title='bbox 514 1309 589 1373; x_wconf 92' lang='lat' dir='ltr'><strong>alibi</strong></span> <span class='ocrx_word' id='word_1_70' title='bbox 610 1318 690 1372; x_wconf 92' lang='lat' dir='ltr'><strong>recte</strong></span> <span class='ocrx_word' id='word_1_71' title='bbox 711 1308 877 1388; x_wconf 88' lang='lat' dir='ltr'><strong>applicata,</strong></span> <span class='ocrx_word' id='word_1_72' title='bbox 901 1307 981 1372; x_wconf 87' lang='lat' dir='ltr'><strong>alius</strong></span> <span class='ocrx_word' id='word_1_73' title='bbox 1006 1316 1052 1370; x_wconf 78' lang='lat' dir='ltr'><strong>est</strong></span> <span class='ocrx_word' id='word_1_74' title='bbox 1075 1324 1151 1372; x_wconf 89' lang='lat' dir='ltr'><strong>usus</strong></span> <span class='ocrx_word' id='word_1_75' title='bbox 1175 1309 1333 1388; x_wconf 89' lang='lat' dir='ltr'><strong>pecuniae,</strong></span> <span class='ocrx_word' id='word_1_76' title='bbox 1361 1318 1392 1372; x_wconf 89' lang='lat' dir='ltr'><strong>et</strong></span> <span class='ocrx_word' id='word_1_77' title='bbox 1415 1309 1498 1373; x_wconf 92' lang='lat' dir='ltr'><strong>alius</strong></span> 
     </span>
     <span class='ocr_line' id='line_1_10' title="bbox 406 1405 1496 1488; baseline 0.001 -18"><span class='ocrx_word' id='word_1_78' title='bbox 406 1423 535 1488; x_wconf 89' lang='lat' dir='ltr'><strong>prorsus</strong></span> <span class='ocrx_word' id='word_1_79' title='bbox 548 1423 623 1471; x_wconf 92' lang='lat' dir='ltr'><strong>usus</strong></span> <span class='ocrx_word' id='word_1_80' title='bbox 638 1406 715 1488; x_wconf 85' lang='lat' dir='ltr'><strong>agri,</strong></span> <span class='ocrx_word' id='word_1_81' title='bbox 732 1406 770 1470; x_wconf 91' lang='lat' dir='ltr'><strong>de</strong></span> <span class='ocrx_word' id='word_1_82' title='bbox 784 1422 846 1486; x_wconf 85' lang='lat' dir='ltr'><strong>quo</strong></span> <span class='ocrx_word' id='word_1_83' title='bbox 861 1405 899 1471; x_wconf 93' lang='lat' dir='ltr'><strong>de</strong></span> <span class='ocrx_word' id='word_1_84' title='bbox 914 1407 1010 1487; x_wconf 86' lang='lat' dir='ltr'><strong>Lugo,</strong></span> <span class='ocrx_word' id='word_1_85' title='bbox 1024 1407 1070 1469; x_wconf 89' lang='lat' dir='ltr'><strong>vel</strong></span> <span class='ocrx_word' id='word_1_86' title='bbox 1086 1407 1204 1487; x_wconf 90' lang='lat' dir='ltr'><strong>palatii,</strong></span> <span class='ocrx_word' id='word_1_87' title='bbox 1218 1407 1256 1472; x_wconf 90' lang='lat' dir='ltr'><strong>de</strong></span> <span class='ocrx_word' id='word_1_88' title='bbox 1271 1423 1332 1487; x_wconf 85' lang='lat' dir='ltr'><strong>quo</strong></span> <span class='ocrx_word' id='word_1_89' title='bbox 1343 1409 1379 1471; x_wconf 92' lang='lat' dir='ltr'><strong>P.</strong></span> <span class='ocrx_word' id='word_1_90' title='bbox 1394 1408 1496 1472; x_wconf 88' lang='lat' dir='ltr'><strong>Balle-</strong></span> 
     </span>
    </p>

    <p class='ocr_par' dir='ltr' id='par_1_6' title="bbox 385 1505 1498 2178">
     <span class='ocr_line' id='line_1_11' title="bbox 385 1505 1498 1584; baseline -0.001 -15"><span class='ocrx_word' id='word_1_91' title='bbox 385 1506 483 1583; x_wconf 91' lang='lat' dir='ltr'><strong>·rini;</strong></span> <span class='ocrx_word' id='word_1_92' title='bbox 507 1506 592 1569; x_wconf 88' lang='lat' dir='ltr'><strong>illius</strong></span> <span class='ocrx_word' id='word_1_93' title='bbox 618 1522 674 1568; x_wconf 92' lang='lat' dir='ltr'><strong>usu</strong></span> <span class='ocrx_word' id='word_1_94' title='bbox 701 1505 872 1569; x_wconf 88' lang='lat' dir='ltr'><strong>substantia</strong></span> <span class='ocrx_word' id='word_1_95' title='bbox 897 1505 1097 1580; x_wconf 90' lang='lat' dir='ltr'><strong>consumitur,</strong></span> <span class='ocrx_word' id='word_1_96' title='bbox 1120 1505 1211 1584; x_wconf 75' lang='lat' dir='ltr'><strong>buius</strong></span> <span class='ocrx_word' id='word_1_97' title='bbox 1232 1521 1302 1568; x_wconf 83' lang='lat' dir='ltr'><strong>vero</strong></span> <span class='ocrx_word' id='word_1_98' title='bbox 1324 1506 1498 1570; x_wconf 87' lang='lat' dir='ltr'><strong>substantia</strong></span> 
     </span>
     <span class='ocr_line' id='line_1_12' title="bbox 406 1602 1497 1686; baseline 0.001 -19"><span class='ocrx_word' id='word_1_99' title='bbox 406 1614 580 1686; x_wconf 90' lang='lat' dir='ltr'><strong>permanct;</strong></span> <span class='ocrx_word' id='word_1_100' title='bbox 603 1612 632 1667; x_wconf 90' lang='lat' dir='ltr'><strong>et</strong></span> <span class='ocrx_word' id='word_1_101' title='bbox 646 1602 715 1667; x_wconf 91' lang='lat' dir='ltr'><strong>ideo</strong></span> <span class='ocrx_word' id='word_1_102' title='bbox 730 1619 804 1666; x_wconf 89' lang='lat' dir='ltr'><strong>usus</strong></span> <span class='ocrx_word' id='word_1_103' title='bbox 825 1602 973 1683; x_wconf 89' lang='lat' dir='ltr'><strong>pecuniae</strong></span> <span class='ocrx_word' id='word_1_104' title='bbox 993 1603 1121 1680; x_wconf 80' lang='lat' dir='ltr'><strong>seorsim</strong></span> <span class='ocrx_word' id='word_1_105' title='bbox 1141 1620 1160 1666; x_wconf 90' lang='lat' dir='ltr'><strong>a</strong></span> <span class='ocrx_word' id='word_1_106' title='bbox 1181 1605 1312 1683; x_wconf 89' lang='lat' dir='ltr'><strong>pecunia</strong></span> <span class='ocrx_word' id='word_1_107' title='bbox 1332 1603 1497 1668; x_wconf 87' lang='lat' dir='ltr'><strong>vendibilis</strong></span> 
     </span>
     <span class='ocr_line' id='line_1_13' title="bbox 406 1702 1496 1784; baseline -0.001 -16"><span class='ocrx_word' id='word_1_108' title='bbox 406 1721 470 1776; x_wconf 81' lang='lat' dir='ltr'><strong>non</strong></span> <span class='ocrx_word' id='word_1_109' title='bbox 485 1712 531 1768; x_wconf 90' lang='lat' dir='ltr'><strong>est</strong></span> <span class='ocrx_word' id='word_1_110' title='bbox 544 1720 552 1767; x_wconf 74' lang='grc' dir='ltr'><strong><em>ε</em></strong></span> <span class='ocrx_word' id='word_1_111' title='bbox 565 1720 649 1784; x_wconf 87' lang='lat' dir='ltr'><strong>ergo,</strong></span> <span class='ocrx_word' id='word_1_112' title='bbox 667 1704 693 1766; x_wconf 93' lang='lat' dir='ltr'><strong>si</strong></span> <span class='ocrx_word' id='word_1_113' title='bbox 708 1704 778 1783; x_wconf 87' lang='lat' dir='ltr'><strong>quis</strong></span> <span class='ocrx_word' id='word_1_114' title='bbox 793 1702 931 1766; x_wconf 88' lang='lat' dir='ltr'><strong>intendat</strong></span> <span class='ocrx_word' id='word_1_115' title='bbox 942 1702 980 1766; x_wconf 91' lang='lat' dir='ltr'><strong>dc</strong></span> <span class='ocrx_word' id='word_1_116' title='bbox 993 1703 1123 1782; x_wconf 90' lang='lat' dir='ltr'><strong>pecunia</strong></span> <span class='ocrx_word' id='word_1_117' title='bbox 1136 1719 1191 1767; x_wconf 86' lang='lat' dir='ltr'><strong>sua</strong></span> <span class='ocrx_word' id='word_1_118' title='bbox 1205 1703 1264 1768; x_wconf 92' lang='lat' dir='ltr'><strong>boc</strong></span> <span class='ocrx_word' id='word_1_119' title='bbox 1277 1720 1359 1768; x_wconf 91' lang='lat' dir='ltr'><strong>anno</strong></span> <span class='ocrx_word' id='word_1_120' title='bbox 1373 1704 1496 1768; x_wconf 90' lang='lat' dir='ltr'><strong>nullum</strong></span> 
     </span>
     <span class='ocr_line' id='line_1_14' title="bbox 404 1801 1497 1884; baseline -0.001 -16"><span class='ocrx_word' id='word_1_121' title='bbox 404 1819 516 1884; x_wconf 91' lang='lat' dir='ltr'><strong>capere</strong></span> <span class='ocrx_word' id='word_1_122' title='bbox 530 1803 648 1867; x_wconf 88' lang='lat' dir='ltr'><strong>lucrum</strong></span> <span class='ocrx_word' id='word_1_123' title='bbox 663 1835 704 1848; x_wconf 86' lang='lat'>-</span> <span class='ocrx_word' id='word_1_124' title='bbox 719 1801 801 1882; x_wconf 83' lang='lat' dir='ltr'><strong>qnod</strong></span> <span class='ocrx_word' id='word_1_125' title='bbox 820 1817 928 1882; x_wconf 92' lang='lat' dir='ltr'><strong>capere</strong></span> <span class='ocrx_word' id='word_1_126' title='bbox 951 1812 1064 1881; x_wconf 85' lang='lat' dir='ltr'><strong>posset,</strong></span> <span class='ocrx_word' id='word_1_127' title='bbox 1084 1803 1111 1864; x_wconf 91' lang='lat' dir='ltr'><strong>si</strong></span> <span class='ocrx_word' id='word_1_128' title='bbox 1135 1802 1226 1866; x_wconf 88' lang='lat' dir='ltr'><strong>vellet</strong></span> <span class='ocrx_word' id='word_1_129' title='bbox 1239 1836 1281 1848; x_wconf 90' lang='lat'>-</span> <span class='ocrx_word' id='word_1_130' title='bbox 1294 1803 1348 1867; x_wconf 86' lang='lat' dir='ltr'><strong>sed</strong></span> <span class='ocrx_word' id='word_1_131' title='bbox 1364 1803 1497 1867; x_wconf 87' lang='lat' dir='ltr'><strong>intendit</strong></span> 
     </span>
     <span class='ocr_line' id='line_1_15' title="bbox 406 1900 1496 1983; baseline 0.001 -17"><span class='ocrx_word' id='word_1_132' title='bbox 406 1901 646 1968; x_wconf 84' lang='lat' dir='ltr'><strong>irrevocabiliter</strong></span> <span class='ocrx_word' id='word_1_133' title='bbox 667 1908 803 1983; x_wconf 92' lang='lat' dir='ltr'><strong>prototo</strong></span> <span class='ocrx_word' id='word_1_134' title='bbox 828 1916 908 1965; x_wconf 88' lang='lat' dir='ltr'><strong>anno</strong></span> <span class='ocrx_word' id='word_1_135' title='bbox 929 1900 1058 1964; x_wconf 88' lang='lat' dir='ltr'><strong>eandem</strong></span> <span class='ocrx_word' id='word_1_136' title='bbox 1078 1901 1111 1964; x_wconf 92' lang='lat' dir='ltr'><strong>in</strong></span> <span class='ocrx_word' id='word_1_137' title='bbox 1132 1917 1202 1966; x_wconf 87' lang='lat' dir='ltr'><strong>arca</strong></span> <span class='ocrx_word' id='word_1_138' title='bbox 1223 1918 1381 1982; x_wconf 86' lang='lat' dir='ltr'><strong>reponere,</strong></span> <span class='ocrx_word' id='word_1_139' title='bbox 1404 1903 1431 1965; x_wconf 94' lang='lat' dir='ltr'><strong>si</strong></span> <span class='ocrx_word' id='word_1_140' title='bbox 1454 1904 1496 1967; x_wconf 91' lang='lat' dir='ltr'><strong>ita</strong></span> 
     </span>
     <span class='ocr_line' id='line_1_16' title="bbox 408 1997 1496 2079; baseline 0.001 -16"><span class='ocrx_word' id='word_1_141' title='bbox 408 2000 571 2064; x_wconf 87' lang='lat' dir='ltr'><strong>intendens</strong></span> <span class='ocrx_word' id='word_1_142' title='bbox 585 1999 672 2063; x_wconf 91' lang='lat' dir='ltr'><strong>alteri</strong></span> <span class='ocrx_word' id='word_1_143' title='bbox 688 2015 770 2064; x_wconf 89' lang='lat' dir='ltr'><strong>nuuc</strong></span> <span class='ocrx_word' id='word_1_144' title='bbox 784 1998 945 2079; x_wconf 90' lang='lat' dir='ltr'><strong>pecuniam</strong></span> <span class='ocrx_word' id='word_1_145' title='bbox 961 1998 1048 2062; x_wconf 92' lang='lat' dir='ltr'><strong>illam</strong></span> <span class='ocrx_word' id='word_1_146' title='bbox 1066 1997 1106 2062; x_wconf 93' lang='lat' dir='ltr'><strong>ad</strong></span> <span class='ocrx_word' id='word_1_147' title='bbox 1125 2015 1240 2063; x_wconf 92' lang='lat' dir='ltr'><strong>annum</strong></span> <span class='ocrx_word' id='word_1_148' title='bbox 1261 2008 1379 2063; x_wconf 89' lang='lat' dir='ltr'><strong>mutuet</strong></span> <span class='ocrx_word' id='word_1_149' title='bbox 1400 2010 1431 2064; x_wconf 88' lang='lat' dir='ltr'><strong>et</strong></span> <span class='ocrx_word' id='word_1_150' title='bbox 1452 2001 1496 2064; x_wconf 89' lang='lat' dir='ltr'><strong>sic</strong></span> 
     </span>
     <span class='ocr_line' id='line_1_17' title="bbox 404 2097 1493 2178; baseline 0 -16"><span class='ocrx_word' id='word_1_151' title='bbox 404 2097 626 2178; x_wconf 90' lang='lat' dir='ltr'><strong>obligationem</strong></span> <span class='ocrx_word' id='word_1_152' title='bbox 641 2105 778 2160; x_wconf 88' lang='lat' dir='ltr'><strong>assumat</strong></span> <span class='ocrx_word' id='word_1_153' title='bbox 791 2097 850 2159; x_wconf 89' lang='lat' dir='ltr'><strong>bac</strong></span> <span class='ocrx_word' id='word_1_154' title='bbox 864 2097 992 2177; x_wconf 90' lang='lat' dir='ltr'><strong>pecunia</strong></span> <span class='ocrx_word' id='word_1_155' title='bbox 1007 2113 1061 2177; x_wconf 91' lang='lat' dir='ltr'><strong>per</strong></span> <span class='ocrx_word' id='word_1_156' title='bbox 1073 2097 1155 2162; x_wconf 90' lang='lat' dir='ltr'><strong>bunc</strong></span> <span class='ocrx_word' id='word_1_157' title='bbox 1168 2113 1283 2160; x_wconf 89' lang='lat' dir='ltr'><strong>annum</strong></span> <span class='ocrx_word' id='word_1_158' title='bbox 1298 2113 1360 2161; x_wconf 91' lang='lat' dir='ltr'><strong>non</strong></span> <span class='ocrx_word' id='word_1_159' title='bbox 1374 2098 1493 2174; x_wconf 90' lang='lat' dir='ltr'><strong>utendi,</strong></span> 
     </span>
    </p>
   </div>
   <div class='ocr_carea' id='block_1_4' title="bbox 405 2193 1606 2283">
    <p class='ocr_par' dir='ltr' id='par_1_7' title="bbox 405 2193 1606 2283">
     <span class='ocr_line' id='line_1_18' title="bbox 405 2193 1606 2283; baseline -0.002 -25"><span class='ocrx_word' id='word_1_160' title='bbox 405 2211 461 2258; x_wconf 90' lang='lat' dir='ltr'><strong>seu</strong></span> <span class='ocrx_word' id='word_1_161' title='bbox 476 2194 558 2276; x_wconf 90' lang='lat' dir='ltr'><strong>quod</strong></span> <span class='ocrx_word' id='word_1_162' title='bbox 573 2193 655 2258; x_wconf 87' lang='lat' dir='ltr'><strong>idern</strong></span> <span class='ocrx_word' id='word_1_163' title='bbox 671 2204 726 2270; x_wconf 87' lang='lat' dir='ltr'><strong>est,</strong></span> <span class='ocrx_word' id='word_1_164' title='bbox 741 2194 767 2257; x_wconf 91' lang='lat' dir='ltr'><strong>si</strong></span> <span class='ocrx_word' id='word_1_165' title='bbox 779 2195 824 2258; x_wconf 90' lang='lat' dir='ltr'><strong>sic</strong></span> <span class='ocrx_word' id='word_1_166' title='bbox 836 2196 907 2258; x_wconf 83' lang='lat' dir='ltr'><strong>velit</strong></span> <span class='ocrx_word' id='word_1_167' title='bbox 918 2211 1020 2259; x_wconf 91' lang='lat' dir='ltr'><strong>carere</strong></span> <span class='ocrx_word' id='word_1_168' title='bbox 1032 2195 1174 2260; x_wconf 78' lang='lat' dir='ltr'><strong>facultate</strong></span> <span class='ocrx_word' id='word_1_169' title='bbox 1185 2196 1315 2275; x_wconf 90' lang='lat' dir='ltr'><strong>pecunia</strong></span> <span class='ocrx_word' id='word_1_170' title='bbox 1327 2196 1508 2274; x_wconf 90' lang='lat' dir='ltr'><strong>utendi,-·</strong></span> <span class='ocrx_word' id='word_1_171' title='bbox 1605 2206 1606 2283; x_wconf 42' lang='lat'><em>3</em></span> 
     </span>
    </p>
   </div>
   <div class='ocr_carea' id='block_1_5' title="bbox 405 2292 1496 2374">
    <p class='ocr_par' dir='ltr' id='par_1_8' title="bbox 405 2292 1496 2374">
     <span class='ocr_line' id='line_1_19' title="bbox 405 2292 1496 2374; baseline 0.001 -17"><span class='ocrx_word' id='word_1_172' title='bbox 405 2310 541 2374; x_wconf 84' lang='lat' dir='ltr'><strong>quonam</strong></span> <span class='ocrx_word' id='word_1_173' title='bbox 561 2292 771 2367; x_wconf 86' lang='lat' dir='ltr'><strong>fundamento,</strong></span> <span class='ocrx_word' id='word_1_174' title='bbox 789 2309 914 2372; x_wconf 86' lang='lat' dir='ltr'><strong>quaeso,</strong></span> <span class='ocrx_word' id='word_1_175' title='bbox 938 2293 1085 2358; x_wconf 89' lang='lat' dir='ltr'><strong>niteretur</strong></span> <span class='ocrx_word' id='word_1_176' title='bbox 1105 2294 1339 2359; x_wconf 90' lang='lat' dir='ltr'><strong>aestimabilitas</strong></span> <span class='ocrx_word' id='word_1_177' title='bbox 1358 2295 1496 2373; x_wconf 85' lang='lat' dir='ltr'><strong>ejusdem</strong></span> 
     </span>
    </p>
   </div>
   <div class='ocr_carea' id='block_1_6' title="bbox 406 2390 1606 2474">
    <p class='ocr_par' dir='ltr' id='par_1_9' title="bbox 406 2390 1606 2474">
     <span class='ocr_line' id='line_1_20' title="bbox 406 2390 1606 2474; baseline -0.001 -18"><span class='ocrx_word' id='word_1_178' title='bbox 406 2402 592 2474; x_wconf 89' lang='lat' dir='ltr'><strong>spontaneae</strong></span> <span class='ocrx_word' id='word_1_179' title='bbox 607 2390 805 2473; x_wconf 85' lang='lat' dir='ltr'><strong>obligationis</strong></span> <span class='ocrx_word' id='word_1_180' title='bbox 820 2408 855 2456; x_wconf 91' lang='lat' dir='ltr'><strong>ac</strong></span> <span class='ocrx_word' id='word_1_181' title='bbox 870 2392 1038 2456; x_wconf 81' lang='lat' dir='ltr'><strong>carentiae?</strong></span> <span class='ocrx_word' id='word_1_182' title='bbox 1053 2392 1185 2468; x_wconf 80' lang='lat' dir='ltr'><strong>Etenim,</strong></span> <span class='ocrx_word' id='word_1_183' title='bbox 1199 2402 1270 2473; x_wconf 92' lang='lat' dir='ltr'><strong>post</strong></span> <span class='ocrx_word' id='word_1_184' title='bbox 1283 2409 1399 2456; x_wconf 90' lang='lat' dir='ltr'><strong>annum</strong></span> <span class='ocrx_word' id='word_1_185' title='bbox 1415 2394 1498 2474; x_wconf 90' lang='lat' dir='ltr'><strong>elap-</strong></span> <span class='ocrx_word' id='word_1_186' title='bbox 1605 2434 1606 2447; x_wconf 52' lang='lat'>2</span> 
     </span>
    </p>
   </div>
   <div class='ocr_carea' id='block_1_7' title="bbox 404 2490 1498 2670">
    <p class='ocr_par' dir='ltr' id='par_1_10' title="bbox 404 2490 1498 2670">
     <span class='ocr_line' id='line_1_21' title="bbox 404 2490 1498 2572; baseline 0 -18"><span class='ocrx_word' id='word_1_187' title='bbox 404 2507 486 2567; x_wconf 88' lang='lat' dir='ltr'><strong>sum,</strong></span> <span class='ocrx_word' id='word_1_188' title='bbox 511 2490 640 2555; x_wconf 83' lang='lat' dir='ltr'><strong>candem</strong></span> <span class='ocrx_word' id='word_1_189' title='bbox 661 2491 820 2571; x_wconf 87' lang='lat' dir='ltr'><strong>pecuniae</strong></span> <span class='ocrx_word' id='word_1_190' title='bbox 834 2506 986 2554; x_wconf 90' lang='lat' dir='ltr'><strong>summam</strong></span> <span class='ocrx_word' id='word_1_191' title='bbox 1009 2491 1146 2571; x_wconf 87' lang='lat' dir='ltr'><strong>recipiet.</strong></span> <span class='ocrx_word' id='word_1_192' title='bbox 1169 2492 1248 2572; x_wconf 79' lang='lat' dir='ltr'><strong>Ergo</strong></span> <span class='ocrx_word' id='word_1_193' title='bbox 1276 2508 1331 2556; x_wconf 89' lang='lat' dir='ltr'><strong>uec</strong></span> <span class='ocrx_word' id='word_1_194' title='bbox 1350 2508 1430 2572; x_wconf 93' lang='lat' dir='ltr'><strong>opus</strong></span> <span class='ocrx_word' id='word_1_195' title='bbox 1451 2499 1498 2556; x_wconf 92' lang='lat' dir='ltr'><strong>est</strong></span> 
     </span>
     <span class='ocr_line' id='line_1_22' title="bbox 404 2589 1498 2670; baseline 0.001 -17"><span class='ocrx_word' id='word_1_196' title='bbox 404 2589 580 2654; x_wconf 88' lang='lat' dir='ltr'><strong>recurrendi</strong></span> <span class='ocrx_word' id='word_1_197' title='bbox 596 2589 634 2654; x_wconf 87' lang='lat' dir='ltr'><strong>ad</strong></span> <span class='ocrx_word' id='word_1_198' title='bbox 651 2590 785 2670; x_wconf 84' lang='lat' dir='ltr'><strong>bugonis</strong></span> <span class='ocrx_word' id='word_1_199' title='bbox 800 2590 959 2670; x_wconf 83' lang='lat' dir='ltr'><strong>effugium,</strong></span> <span class='ocrx_word' id='word_1_200' title='bbox 973 2589 1060 2668; x_wconf 76' lang='lat' dir='ltr'><strong>Juxta</strong></span> <span class='ocrx_word' id='word_1_201' title='bbox 1074 2589 1157 2669; x_wconf 80' lang='lat' dir='ltr'><strong>quod</strong></span> <span class='ocrx_word' id='word_1_202' title='bbox 1179 2589 1308 2654; x_wconf 85' lang='lat' dir='ltr'><strong>incultas</strong></span> <span class='ocrx_word' id='word_1_203' title='bbox 1321 2591 1417 2670; x_wconf 89' lang='lat' dir='ltr'><strong>prior,</strong></span> <span class='ocrx_word' id='word_1_204' title='bbox 1435 2607 1498 2670; x_wconf 86' lang='lat' dir='ltr'><strong>qna</strong></span> 
     </span>
    </p>
   </div>
   <div class='ocr_carea' id='block_1_8' title="bbox 403 2687 1605 2769">
    <p class='ocr_par' dir='ltr' id='par_1_11' title="bbox 403 2687 1605 2769">
     <span class='ocr_line' id='line_1_23' title="bbox 403 2687 1605 2769; baseline 0.001 -17"><span class='ocrx_word' id='word_1_205' title='bbox 403 2705 439 2752; x_wconf 86' lang='lat' dir='ltr'><strong>se</strong></span> <span class='ocrx_word' id='word_1_206' title='bbox 453 2698 597 2752; x_wconf 88' lang='lat' dir='ltr'><strong>mutuans</strong></span> <span class='ocrx_word' id='word_1_207' title='bbox 608 2687 738 2768; x_wconf 83' lang='lat' dir='ltr'><strong>privarit</strong></span> <span class='ocrx_word' id='word_1_208' title='bbox 749 2705 831 2752; x_wconf 91' lang='lat' dir='ltr'><strong>anno</strong></span> <span class='ocrx_word' id='word_1_209' title='bbox 841 2689 958 2769; x_wconf 87' lang='lat' dir='ltr'><strong>elapso,</strong></span> <span class='ocrx_word' id='word_1_210' title='bbox 973 2696 1221 2768; x_wconf 89' lang='lat' dir='ltr'><strong>compensaretur</strong></span> <span class='ocrx_word' id='word_1_211' title='bbox 1233 2687 1375 2752; x_wconf 83' lang='lat' dir='ltr'><strong>facultate</strong></span> <span class='ocrx_word' id='word_1_212' title='bbox 1385 2688 1496 2753; x_wconf 89' lang='lat' dir='ltr'><strong>eadem</strong></span> <span class='ocrx_word' id='word_1_213' title='bbox 1604 2692 1605 2733; x_wconf 50' lang='grc' dir='ltr'>ἒ</span> 
     </span>
    </p>
   </div>
   <div class='ocr_carea' id='block_1_9' title="bbox 404 2786 1496 3066">
    <p class='ocr_par' dir='ltr' id='par_1_12' title="bbox 404 2786 1496 3066">
     <span class='ocr_line' id='line_1_24' title="bbox 404 2786 1496 2869; baseline 0 -18"><span class='ocrx_word' id='word_1_214' title='bbox 404 2803 461 2869; x_wconf 92' lang='lat' dir='ltr'><strong>pro</strong></span> <span class='ocrx_word' id='word_1_215' title='bbox 476 2787 566 2850; x_wconf 89' lang='lat' dir='ltr'><strong>annis</strong></span> <span class='ocrx_word' id='word_1_216' title='bbox 581 2786 779 2866; x_wconf 86' lang='lat' dir='ltr'><strong>sequentibus</strong></span> <span class='ocrx_word' id='word_1_217' title='bbox 797 2803 804 2850; x_wconf 90' lang='lat'>:</span> <span class='ocrx_word' id='word_1_218' title='bbox 823 2786 935 2850; x_wconf 91' lang='lat' dir='ltr'><strong>namsi</strong></span> <span class='ocrx_word' id='word_1_219' title='bbox 951 2786 1081 2850; x_wconf 90' lang='lat' dir='ltr'><strong>iacultas</strong></span> <span class='ocrx_word' id='word_1_220' title='bbox 1098 2786 1172 2850; x_wconf 91' lang='lat' dir='ltr'><strong>baec</strong></span> <span class='ocrx_word' id='word_1_221' title='bbox 1193 2796 1274 2850; x_wconf 87' lang='lat' dir='ltr'><strong>esset</strong></span> <span class='ocrx_word' id='word_1_222' title='bbox 1293 2802 1399 2850; x_wconf 80' lang='lat' dir='ltr'><strong>revera</strong></span> <span class='ocrx_word' id='word_1_223' title='bbox 1420 2787 1496 2868; x_wconf 88' lang='lat' dir='ltr'><strong>quid</strong></span> 
     </span>
     <span class='ocr_line' id='line_1_25' title="bbox 405 2884 1495 2967; baseline 0 -18"><span class='ocrx_word' id='word_1_224' title='bbox 405 2885 502 2967; x_wconf 91' lang='lat' dir='ltr'><strong>pretio</strong></span> <span class='ocrx_word' id='word_1_225' title='bbox 517 2885 706 2949; x_wconf 88' lang='lat' dir='ltr'><strong>aestimabile</strong></span> <span class='ocrx_word' id='word_1_226' title='bbox 722 2895 841 2966; x_wconf 80' lang='lat' dir='ltr'><strong>practer</strong></span> <span class='ocrx_word' id='word_1_227' title='bbox 856 2887 955 2965; x_wconf 91' lang='lat' dir='ltr'><strong>ipsam</strong></span> <span class='ocrx_word' id='word_1_228' title='bbox 967 2885 1139 2965; x_wconf 88' lang='lat' dir='ltr'><strong>pecuniam,</strong></span> <span class='ocrx_word' id='word_1_229' title='bbox 1153 2884 1262 2948; x_wconf 87' lang='lat' dir='ltr'><strong>merito</strong></span> <span class='ocrx_word' id='word_1_230' title='bbox 1276 2892 1361 2948; x_wconf 91' lang='lat' dir='ltr'><strong>notat</strong></span> <span class='ocrx_word' id='word_1_231' title='bbox 1371 2887 1407 2949; x_wconf 91' lang='lat' dir='ltr'><strong>P.</strong></span> <span class='ocrx_word' id='word_1_232' title='bbox 1423 2885 1495 2949; x_wconf 88' lang='lat' dir='ltr'><strong>Bal-</strong></span> 
     </span>
     <span class='ocr_line' id='line_1_26' title="bbox 404 2982 1493 3066; baseline -0.002 -17"><span class='ocrx_word' id='word_1_233' title='bbox 404 2984 494 3050; x_wconf 90' lang='lat' dir='ltr'><strong>lerini</strong></span> <span class='ocrx_word' id='word_1_234' title='bbox 520 2984 693 3048; x_wconf 83' lang='lat' dir='ltr'><strong>facultatem</strong></span> <span class='ocrx_word' id='word_1_235' title='bbox 716 2985 793 3047; x_wconf 80' lang='lat' dir='ltr'><strong>anai</strong></span> <span class='ocrx_word' id='word_1_236' title='bbox 812 2984 910 3066; x_wconf 81' lang='lat' dir='ltr'><strong>elapsi</strong></span> <span class='ocrx_word' id='word_1_237' title='bbox 931 3000 999 3050; x_wconf 85' lang='lat' dir='ltr'><strong>esse</strong></span> <span class='ocrx_word' id='word_1_238' title='bbox 1020 2982 1138 3063; x_wconf 86' lang='lat' dir='ltr'><strong>aliquid</strong></span> <span class='ocrx_word' id='word_1_239' title='bbox 1163 3001 1226 3046; x_wconf 84' lang='lat' dir='ltr'><strong>oon</strong></span> <span class='ocrx_word' id='word_1_240' title='bbox 1252 2989 1493 3065; x_wconf 76' lang='lat' dir='ltr'><strong>comportantem.</strong></span> 
     </span>
    </p>
   </div>
   <div class='ocr_carea' id='block_1_10' title="bbox 403 3081 1604 3262">
    <p class='ocr_par' dir='ltr' id='par_1_13' title="bbox 403 3081 1604 3262">
     <span class='ocr_line' id='line_1_27' title="bbox 403 3081 1604 3164; baseline -0.001 -17"><span class='ocrx_word' id='word_1_241' title='bbox 403 3084 511 3148; x_wconf 84' lang='lat' dir='ltr'><strong>Potius</strong></span> <span class='ocrx_word' id='word_1_242' title='bbox 535 3099 608 3164; x_wconf 90' lang='lat' dir='ltr'><strong>erga</strong></span> <span class='ocrx_word' id='word_1_243' title='bbox 633 3082 796 3147; x_wconf 88' lang='lat' dir='ltr'><strong>dicendum</strong></span> <span class='ocrx_word' id='word_1_244' title='bbox 823 3083 907 3147; x_wconf 90' lang='lat' dir='ltr'><strong>nullo</strong></span> <span class='ocrx_word' id='word_1_245' title='bbox 935 3082 1134 3146; x_wconf 78' lang='lat' dir='ltr'><strong>fundamento</strong></span> <span class='ocrx_word' id='word_1_246' title='bbox 1163 3081 1381 3163; x_wconf 89' lang='lat' dir='ltr'><strong>obligationem</strong></span> <span class='ocrx_word' id='word_1_247' title='bbox 1406 3083 1496 3146; x_wconf 91' lang='lat' dir='ltr'><strong>illam</strong></span> <span class='ocrx_word' id='word_1_248' title='bbox 1603 3096 1604 3101; x_wconf 72' lang='grc'>’</span> 
     </span>
     <span class='ocr_line' id='line_1_28' title="bbox 403 3172 1604 3262; baseline 0 -17"><span class='ocrx_word' id='word_1_249' title='bbox 403 3189 578 3262; x_wconf 88' lang='lat' dir='ltr'><strong>susceptam</strong></span> <span class='ocrx_word' id='word_1_250' title='bbox 599 3198 653 3245; x_wconf 89' lang='lat' dir='ltr'><strong>seu</strong></span> <span class='ocrx_word' id='word_1_251' title='bbox 678 3182 844 3245; x_wconf 88' lang='lat' dir='ltr'><strong>carentiam</strong></span> <span class='ocrx_word' id='word_1_252' title='bbox 871 3182 967 3246; x_wconf 85' lang='lat' dir='ltr'><strong>asseri</strong></span> <span class='ocrx_word' id='word_1_253' title='bbox 993 3180 1227 3246; x_wconf 87' lang='lat' dir='ltr'><strong>aestimabilem.</strong></span> <span class='ocrx_word' id='word_1_254' title='bbox 1254 3179 1496 3260; x_wconf 84' lang='lat' dir='ltr'><strong>Respiciendum</strong></span> <span class='ocrx_word' id='word_1_255' title='bbox 1603 3172 1604 3245; x_wconf 70' lang='lat' dir='ltr'><strong>j</strong></span> 
     </span>
    </p>
   </div>
   <div class='ocr_carea' id='block_1_11' title="bbox 402 3278 1496 3460">
    <p class='ocr_par' dir='ltr' id='par_1_14' title="bbox 402 3278 1496 3460">
     <span class='ocr_line' id='line_1_29' title="bbox 402 3278 1496 3360; baseline -0.001 -17"><span class='ocrx_word' id='word_1_256' title='bbox 402 3288 452 3343; x_wconf 91' lang='lat' dir='ltr'><strong>est</strong></span> <span class='ocrx_word' id='word_1_257' title='bbox 472 3279 619 3352; x_wconf 73' lang='lat' dir='ltr'><strong>adieras</strong></span> <span class='ocrx_word' id='word_1_258' title='bbox 641 3280 862 3360; x_wconf 87' lang='lat' dir='ltr'><strong>praestationes</strong></span> <span class='ocrx_word' id='word_1_259' title='bbox 884 3278 994 3357; x_wconf 86' lang='lat' dir='ltr'><strong>iactas;</strong></span> <span class='ocrx_word' id='word_1_260' title='bbox 1019 3279 1103 3360; x_wconf 85' lang='lat' dir='ltr'><strong>atqui</strong></span> <span class='ocrx_word' id='word_1_261' title='bbox 1125 3287 1295 3360; x_wconf 91' lang='lat' dir='ltr'><strong>praestatur</strong></span> <span class='ocrx_word' id='word_1_262' title='bbox 1316 3294 1386 3342; x_wconf 89' lang='lat' dir='ltr'><strong>vere</strong></span> <span class='ocrx_word' id='word_1_263' title='bbox 1410 3287 1496 3343; x_wconf 91' lang='lat' dir='ltr'><strong>tanta</strong></span> 
     </span>
     <span class='ocr_line' id='line_1_30' title="bbox 404 3377 1495 3460; baseline 0 -18"><span class='ocrx_word' id='word_1_264' title='bbox 404 3377 547 3460; x_wconf 89' lang='lat' dir='ltr'><strong>pecunia,</strong></span> <span class='ocrx_word' id='word_1_265' title='bbox 556 3387 586 3442; x_wconf 92' lang='lat' dir='ltr'><strong>et</strong></span> <span class='ocrx_word' id='word_1_266' title='bbox 596 3379 779 3460; x_wconf 88' lang='lat' dir='ltr'><strong>supponitur</strong></span> <span class='ocrx_word' id='word_1_267' title='bbox 790 3395 852 3443; x_wconf 92' lang='lat' dir='ltr'><strong>non</strong></span> <span class='ocrx_word' id='word_1_268' title='bbox 864 3379 1010 3458; x_wconf 79' lang='lat' dir='ltr'><strong>praestari</strong></span> <span class='ocrx_word' id='word_1_269' title='bbox 1024 3394 1129 3442; x_wconf 89' lang='lat' dir='ltr'><strong>verum</strong></span> <span class='ocrx_word' id='word_1_270' title='bbox 1140 3388 1170 3442; x_wconf 88' lang='lat' dir='ltr'><strong>et</strong></span> <span class='ocrx_word' id='word_1_271' title='bbox 1180 3377 1362 3457; x_wconf 86' lang='lat' dir='ltr'><strong>objectivnm</strong></span> <span class='ocrx_word' id='word_1_272' title='bbox 1372 3378 1495 3442; x_wconf 91' lang='lat' dir='ltr'><strong>lucrum</strong></span> 
     </span>
    </p>
   </div>
   <div class='ocr_carea' id='block_1_12' title="bbox 401 3474 1603 3557">
    <p class='ocr_par' dir='ltr' id='par_1_15' title="bbox 401 3474 1603 3557">
     <span class='ocr_line' id='line_1_31' title="bbox 401 3474 1603 3557; baseline 0 -16"><span class='ocrx_word' id='word_1_273' title='bbox 401 3491 531 3542; x_wconf 85' lang='lat' dir='ltr'><strong>cessans</strong></span> <span class='ocrx_word' id='word_1_274' title='bbox 543 3476 590 3540; x_wconf 88' lang='lat' dir='ltr'><strong>rel</strong></span> <span class='ocrx_word' id='word_1_275' title='bbox 606 3475 752 3540; x_wconf 88' lang='lat' dir='ltr'><strong>damnum</strong></span> <span class='ocrx_word' id='word_1_276' title='bbox 767 3492 980 3557; x_wconf 88' lang='lat' dir='ltr'><strong>emergens-</strong></span> <span class='ocrx_word' id='word_1_277' title='bbox 993 3477 1075 3556; x_wconf 85' lang='lat' dir='ltr'><strong>quod</strong></span> <span class='ocrx_word' id='word_1_278' title='bbox 1089 3493 1163 3541; x_wconf 90' lang='lat' dir='ltr'><strong>sane</strong></span> <span class='ocrx_word' id='word_1_279' title='bbox 1177 3487 1258 3541; x_wconf 89' lang='lat' dir='ltr'><strong>esset</strong></span> <span class='ocrx_word' id='word_1_280' title='bbox 1271 3493 1309 3540; x_wconf 83' lang='lat' dir='ltr'><strong>eu</strong></span> <span class='ocrx_word' id='word_1_281' title='bbox 1322 3483 1409 3557; x_wconf 92' lang='lat' dir='ltr'><strong>parte</strong></span> <span class='ocrx_word' id='word_1_282' title='bbox 1422 3493 1493 3542; x_wconf 92' lang='lat' dir='ltr'><strong>mu·</strong></span> <span class='ocrx_word' id='word_1_283' title='bbox 1602 3474 1603 3519; x_wconf 40' lang='grc' dir='ltr'>Ψ</span> 
     </span>
    </p>
   </div>
   <div class='ocr_carea' id='block_1_13' title="bbox 401 3575 1494 3749">
    <p class='ocr_par' dir='ltr' id='par_1_16' title="bbox 401 3575 1494 3749">
     <span class='ocr_line' id='line_1_32' title="bbox 404 3575 1494 3656; baseline 0.001 -17"><span class='ocrx_word' id='word_1_284' title='bbox 404 3575 519 3640; x_wconf 81' lang='lat' dir='ltr'><strong>tarantis</strong></span> <span class='ocrx_word' id='word_1_285' title='bbox 533 3590 604 3638; x_wconf 82' lang='lat' dir='ltr'><strong>vera</strong></span> <span class='ocrx_word' id='word_1_286' title='bbox 618 3575 781 3655; x_wconf 89' lang='lat' dir='ltr'><strong>praestatio</strong></span> <span class='ocrx_word' id='word_1_287' title='bbox 796 3575 1013 3652; x_wconf 88' lang='lat' dir='ltr'><strong>aestimabilis;</strong></span> <span class='ocrx_word' id='word_1_288' title='bbox 1029 3591 1102 3656; x_wconf 92' lang='lat' dir='ltr'><strong>ergo</strong></span> <span class='ocrx_word' id='word_1_289' title='bbox 1117 3584 1331 3656; x_wconf 87' lang='lat' dir='ltr'><strong>compensatur</strong></span> <span class='ocrx_word' id='word_1_290' title='bbox 1344 3576 1494 3656; x_wconf 90' lang='lat' dir='ltr'><strong>pecuniae</strong></span> 
     </span>
     <span class='ocr_line' id='line_1_33' title="bbox 401 3671 1493 3749; baseline 0.001 -14"><span class='ocrx_word' id='word_1_291' title='bbox 401 3671 587 3749; x_wconf 89' lang='lat' dir='ltr'><strong>redditione,</strong></span> <span class='ocrx_word' id='word_1_292' title='bbox 605 3672 806 3736; x_wconf 87' lang='lat' dir='ltr'><strong>abstractione</strong></span> <span class='ocrx_word' id='word_1_293' title='bbox 828 3673 921 3737; x_wconf 90' lang='lat' dir='ltr'><strong>etiam</strong></span> <span class='ocrx_word' id='word_1_294' title='bbox 942 3671 1022 3737; x_wconf 88' lang='lat' dir='ltr'><strong>iacta</strong></span> <span class='ocrx_word' id='word_1_295' title='bbox 1044 3689 1062 3736; x_wconf 92' lang='lat' dir='ltr'><strong>a</strong></span> <span class='ocrx_word' id='word_1_296' title='bbox 1082 3671 1375 3742; x_wconf 81' lang='lat' dir='ltr'><strong>facultatereddita.</strong></span> <span class='ocrx_word' id='word_1_297' title='bbox 1398 3672 1493 3737; x_wconf 78' lang='lat' dir='ltr'><strong>atiud</strong></span> 
     </span>
    </p>
   </div>
   <div class='ocr_carea' id='block_1_14' title="bbox 401 3772 1492 3955">
    <p class='ocr_par' dir='ltr' id='par_1_17' title="bbox 401 3772 1492 3955">
     <span class='ocr_line' id='line_1_34' title="bbox 402 3772 1492 3855; baseline 0 -20"><span class='ocrx_word' id='word_1_298' title='bbox 402 3787 477 3836; x_wconf 91' lang='lat' dir='ltr'><strong>sane</strong></span> <span class='ocrx_word' id='word_1_299' title='bbox 491 3781 593 3854; x_wconf 90' lang='lat' dir='ltr'><strong>posset</strong></span> <span class='ocrx_word' id='word_1_300' title='bbox 609 3772 669 3836; x_wconf 91' lang='lat' dir='ltr'><strong>dici</strong></span> <span class='ocrx_word' id='word_1_301' title='bbox 684 3806 725 3816; x_wconf 94' lang='lat'>—</span> <span class='ocrx_word' id='word_1_302' title='bbox 740 3772 792 3837; x_wconf 90' lang='lat' dir='ltr'><strong>sed</strong></span> <span class='ocrx_word' id='word_1_303' title='bbox 813 3772 851 3837; x_wconf 89' lang='lat' dir='ltr'><strong>de</strong></span> <span class='ocrx_word' id='word_1_304' title='bbox 871 3774 929 3837; x_wconf 90' lang='lat' dir='ltr'><strong>hoc</strong></span> <span class='ocrx_word' id='word_1_305' title='bbox 950 3789 1023 3838; x_wconf 89' lang='lat' dir='ltr'><strong>casu</strong></span> <span class='ocrx_word' id='word_1_306' title='bbox 1042 3789 1104 3837; x_wconf 92' lang='lat' dir='ltr'><strong>non</strong></span> <span class='ocrx_word' id='word_1_307' title='bbox 1125 3775 1280 3855; x_wconf 84' lang='lat' dir='ltr'><strong>agitur-</strong></span> <span class='ocrx_word' id='word_1_308' title='bbox 1294 3773 1321 3836; x_wconf 92' lang='lat' dir='ltr'><strong>si</strong></span> <span class='ocrx_word' id='word_1_309' title='bbox 1344 3773 1492 3854; x_wconf 92' lang='lat' dir='ltr'><strong>obligatio</strong></span> 
     </span>
     <span class='ocr_line' id='line_1_35' title="bbox 401 3870 1489 3955; baseline 0.004 -22"><span class='ocrx_word' id='word_1_310' title='bbox 401 3871 572 3934; x_wconf 84' lang='lat' dir='ltr'><strong>contrairet</strong></span> <span class='ocrx_word' id='word_1_311' title='bbox 596 3870 757 3934; x_wconf 90' lang='lat' dir='ltr'><strong>intentioni</strong></span> <span class='ocrx_word' id='word_1_312' title='bbox 780 3873 813 3948; x_wconf 78' lang='lat' dir='ltr'><strong>(r)</strong></span> <span class='ocrx_word' id='word_1_313' title='bbox 838 3889 846 3935; x_wconf 92' lang='lat'>:</span> <span class='ocrx_word' id='word_1_314' title='bbox 869 3889 951 3937; x_wconf 91' lang='lat' dir='ltr'><strong>nunc</strong></span> <span class='ocrx_word' id='word_1_315' title='bbox 970 3881 1072 3938; x_wconf 91' lang='lat' dir='ltr'><strong>autem</strong></span> <span class='ocrx_word' id='word_1_316' title='bbox 1093 3872 1192 3938; x_wconf 90' lang='lat' dir='ltr'><strong>eidem</strong></span> <span class='ocrx_word' id='word_1_317' title='bbox 1216 3873 1373 3940; x_wconf 90' lang='lat' dir='ltr'><strong>coincidit.</strong></span> <span class='ocrx_word' id='word_1_318' title='bbox 1396 3875 1489 3955; x_wconf 82' lang='lat' dir='ltr'><strong>Ergo,</strong></span> 
     </span>
    </p>
   </div>
   <div class='ocr_carea' id='block_1_15' title="bbox 436 4101 1491 4172">
    <p class='ocr_par' dir='ltr' id='par_1_18' title="bbox 436 4101 1491 4172">
     <span class='ocr_line' id='line_1_36' title="bbox 436 4101 1491 4172; baseline -0.002 -10"><span class='ocrx_word' id='word_1_319' title='bbox 436 4102 472 4166; x_wconf 83' lang='lat' dir='ltr'><strong>ll)</strong></span> <span class='ocrx_word' id='word_1_320' title='bbox 487 4101 552 4160; x_wconf 87' lang='lat' dir='ltr'><strong>Ideo</strong></span> <span class='ocrx_word' id='word_1_321' title='bbox 569 4117 626 4158; x_wconf 90' lang='lat' dir='ltr'><strong>non</strong></span> <span class='ocrx_word' id='word_1_322' title='bbox 643 4102 753 4160; x_wconf 83' lang='lat' dir='ltr'><strong>videtur</strong></span> <span class='ocrx_word' id='word_1_323' title='bbox 768 4103 934 4160; x_wconf 89' lang='lat' dir='ltr'><strong>concludere</strong></span> <span class='ocrx_word' id='word_1_324' title='bbox 952 4106 1144 4171; x_wconf 88' lang='lat' dir='ltr'><strong>argumentum</strong></span> <span class='ocrx_word' id='word_1_325' title='bbox 1159 4103 1272 4160; x_wconf 90' lang='lat' dir='ltr'><strong>allatum</strong></span> <span class='ocrx_word' id='word_1_326' title='bbox 1283 4118 1298 4161; x_wconf 90' lang='lat' dir='ltr'><strong>a</strong></span> <span class='ocrx_word' id='word_1_327' title='bbox 1310 4105 1338 4162; x_wconf 90' lang='lat' dir='ltr'><strong>S.</strong></span> <span class='ocrx_word' id='word_1_328' title='bbox 1350 4103 1491 4172; x_wconf 78' lang='lat' dir='ltr'><strong>alphonso</strong></span> 
     </span>
    </p>
   </div>
   <div class='ocr_carea' id='block_1_16' title="bbox 402 4181 1601 4275">
    <p class='ocr_par' dir='ltr' id='par_1_19' title="bbox 402 4181 1601 4275">
     <span class='ocr_line' id='line_1_37' title="bbox 402 4181 1601 4275; baseline 0.005 -39"><span class='ocrx_word' id='word_1_329' title='bbox 402 4181 434 4247; x_wconf 87' lang='lat' dir='ltr'><strong>(t.</strong></span> <span class='ocrx_word' id='word_1_330' title='bbox 447 4198 481 4250; x_wconf 79' lang='lat' dir='ltr'><strong>c,</strong></span> <span class='ocrx_word' id='word_1_331' title='bbox 495 4199 522 4242; x_wconf 91' lang='lat' dir='ltr'><strong>n.</strong></span> <span class='ocrx_word' id='word_1_332' title='bbox 535 4185 598 4251; x_wconf 77' lang='lat' dir='ltr'><strong>l603</strong></span> <span class='ocrx_word' id='word_1_333' title='bbox 611 4187 639 4242; x_wconf 88' lang='lat' dir='ltr'><strong>et</strong></span> <span class='ocrx_word' id='word_1_334' title='bbox 650 4186 739 4241; x_wconf 83' lang='lat' dir='ltr'><strong>Homo</strong></span> <span class='ocrx_word' id='word_1_335' title='bbox 750 4186 928 4253; x_wconf 72' lang='lat' dir='ltr'><strong>apostolicus,</strong></span> <span class='ocrx_word' id='word_1_336' title='bbox 941 4187 976 4243; x_wconf 88' lang='lat' dir='ltr'><strong>tr.</strong></span> <span class='ocrx_word' id='word_1_337' title='bbox 989 4186 1031 4253; x_wconf 87' lang='lat' dir='ltr'><strong>lu,</strong></span> <span class='ocrx_word' id='word_1_338' title='bbox 1044 4201 1072 4243; x_wconf 91' lang='lat' dir='ltr'><strong>n.</strong></span> <span class='ocrx_word' id='word_1_339' title='bbox 1086 4185 1157 4253; x_wconf 72' lang='lat'><strong>1403</strong></span> <span class='ocrx_word' id='word_1_340' title='bbox 1172 4201 1231 4261; x_wconf 83' lang='lat' dir='ltr'><strong>uuo¹</strong></span> <span class='ocrx_word' id='word_1_341' title='bbox 1239 4188 1361 4244; x_wconf 86' lang='lat' dir='ltr'><strong>statuere</strong></span> <span class='ocrx_word' id='word_1_342' title='bbox 1372 4185 1491 4243; x_wconf 86' lang='lat' dir='ltr'><strong>intendit</strong></span> <span class='ocrx_word' id='word_1_343' title='bbox 1600 4248 1601 4275; x_wconf 69' lang='lat'><strong>,</strong></span> 
     </span>
    </p>
   </div>
   <div class='ocr_carea' id='block_1_17' title="bbox 0 0 1626 4959">
    <p class='ocr_par' dir='ltr' id='par_1_20' title="bbox 0 0 1626 4959">
     <span class='ocr_line' id='line_1_38' title="bbox 0 0 1626 4959; baseline 0 3"><span class='ocrx_word' id='word_1_344' title='bbox 0 0 1626 4959; x_wconf 95' lang='lat' dir='ltr'><strong> </strong></span> 
     </span>
    </p>
   </div>
  </div>
 </body>
</html>
