3242 4959
833 475 1078 525 -XXH-

409 644 495 722 apud
512 644 680 723 plerosque
701 644 867 721 theologos
887 638 962 705 talis
980 642 1058 705 nata
1075 641 1126 704 est
1143 636 1316 715 sententia,
1331 656 1395 719 qua
1406 635 1512 717 prin-

410 738 494 820 cipia
507 742 681 807 modernae
701 738 856 805 scientiae
876 737 954 819 ipsis
974 735 1140 818 principiis
1160 734 1300 817 antiquis
1320 737 1511 800 annectere

410 841 578 904 conentur.
604 836 742 915 Quodvis
764 835 922 918 judicium
947 838 987 901 de
1011 834 1185 899 tendentiis
1207 832 1283 911 illis,
1308 835 1510 900 earumdem

409 939 538 1014 natura,
554 954 598 1001 ex
611 934 769 1013 tensione,
786 934 861 998 fatis
874 939 908 1000 et
921 937 1051 1000 fortuna
1071 935 1168 1010 feras,
1191 935 1276 998 11111
1297 930 1510 996 constituunt

408 1053 504 1112 nova,
521 1034 633 1115 quibus
653 1032 804 1115 spectatis
826 1033 951 1099 licitum
971 1053 1011 1099 ac
1030 1031 1169 1112 optabile
1184 1032 1332 1097 videatur
1345 1035 1383 1097 ut
1398 1050 1507 1096 causa

406 1132 540 1215 antiqua
555 1135 660 1199 denuo
673 1132 876 1214 suscipiatur.
1046 1209 1049 1213 ι

450 1232 567 1309 Quibus
590 1232 781 1313 praesertim
802 1231 980 1298 rationibus
1006 1229 1104 1309 ducti,
1128 1235 1213 1297 hanc
1237 1228 1504 1300 dissertationem

407 1330 664 1413 conscripsimus

448 1532 489 1593 Et
508 1529 622 1595 iisdem
645 1529 823 1595 rationibus
844 1530 1114 1611 praelucentibus,
1134 1532 1272 1595 eandem
1291 1528 1502 1609 concepimus

407 1650 446 1695 ac
459 1628 689 1695 ordinavimus.
706 1628 805 1694 Sicuti
821 1629 924 1695 omnis
937 1628 986 1693 rei
1001 1632 1042 1695 ad
1055 1648 1161 1695 mores
1175 1627 1361 1710 spectantis,
1374 1626 1501 1710 triplex

407 1728 602 1812 quaestionis
622 1732 789 1810 respectus
810 1728 1007 1795 considerari
1028 1732 1134 1810 potest
1156 1750 1163 1791 :
1187 1746 1303 1809 nempe
1315 1726 1495 1811 positivus,

407 1831 564 1910 quatenus
575 1830 607 1892 S.
618 1827 784 1908 Scriptura
795 1848 834 1893 ac
845 1827 987 1893 Traditio
997 1831 1251 1909 perpenduntur,
1262 1826 1496 1909 speculativas,

407 1930 565 2007 quatenus
577 1925 713 1992 rationis
727 1926 887 2007 principia
900 1926 1117 2007 inquiruntur,
1136 1945 1176 1990 11
1194 1926 1398 2005 concisurus,
1418 1946 1498 2008 qua-

406 2031 501 2094 tenus
515 2026 641 2105 uotitia,
657 2046 701 2092 ex
715 2026 779 2092 illis
793 2026 932 2092 fontibus
946 2027 1072 2102 hausta,
1092 2023 1228 2105 singulis
1246 2024 1353 2090 usibus
1371 2044 1410 2089 ac
1428 2043 1498 2090 mo-

405 2127 494 2192 ribus
517 2125 709 2207 applicatur.
732 2128 781 2190 Ex
797 2125 921 2206 triplici
941 2124 998 2189 illo
1022 2124 1071 2191 rei
1091 2128 1235 2205 aspectu,
1257 2126 1433 2191 secundum
1452 2145 1499 2189 ex

405 2227 548 2307 professo
570 2224 752 2305 selegimus,
775 2224 918 2304 aliosque
941 2226 982 2287 ad
1007 2227 1095 2288 hunc
1120 2224 1346 2287 illustrandum
1366 2222 1498 2288 nonnisi

405 2344 464 2406 per
483 2324 633 2389 accidens
654 2324 866 2390 adhibuimus.
890 2327 939 2387 1111
960 2326 1053 2388 medo
1075 2342 1136 2405 quo
1159 2323 1303 2405 quaestio
1323 2321 1497 2388 hodiedum

405 2428 555 2507 ponatur,
571 2424 732 2506 respectui
751 2423 889 2504 positivo
907 2440 972 2488 non
985 2430 1055 2505 jam
1074 2424 1279 2490 tribuendum
1296 2426 1347 2489 est
1366 2426 1496 2503 tantum

405 2517 604 2591 momentum
615 2526 770 2605 quantum
780 2524 868 2601 olim,
882 2542 955 2588 cum
966 2527 1006 2588 de
1020 2523 1076 2588 illo
1086 2524 1248 2605 utrimque
1263 2522 1492 2604 disputaretur.

405 2626 445 2688 111
459 2622 530 2689 ideo
544 2621 700 2703 praecise,
717 2622 900 2687 animorum
915 2621 1022 2703 quiete
1033 2621 1067 2685 in
1082 2625 1143 2687 hoc
1157 2620 1322 2687 doctrinae
1332 2623 1496 2686 elemento

403 2726 537 2801 effecta,
563 2728 633 2803 jam
669 2721 818 2801 possibile
846 2724 930 2787 foret
957 2727 1081 2802 majore
1109 2740 1183 2785 cum
1209 2722 1316 2785 fructu
1345 2721 1385 2784 de
1415 2737 1495 2783 vera

405 2825 436 2886 S.
464 2822 651 2903 Scripturas
684 2826 718 2888 et
749 2824 882 2887 Patrum
913 2820 1182 2900 interpretatione
1210 2820 1375 2901 indagare.
1398 2822 1495 2902 ,Quod

404 2926 514 2987 tamen
536 2921 589 2986 hic
610 2924 739 2985 efficere
760 2940 825 2987 non
847 2920 1053 2985 intendimus.
1076 2919 1109 2983 si
1129 2924 1238 2985 autem
1259 2922 1495 2999 componuntur

404 3039 486 3101 quae
514 3020 632 3101 passim
660 3020 693 3083 in
722 3019 946 3085 dissertatione
975 3024 1182 3099 exponuntur
1210 3037 1249 3082 11
1274 3017 1491 3098 inquiruntur,

405 3118 599 3200 quaestionis
610 3121 775 3198 aspectum
789 3118 962 3197 positivum
975 3138 1032 3184 seu
1047 3117 1265 3184 doctrinarum
1277 3115 1493 3183 evolutionem

403 3216 546 3297 reperies
560 3216 635 3281 inde
652 3236 710 3281 as.
727 3219 802 3278 XIII
816 3219 858 3280 ad
872 3204 982 3281 nostra
994 3236 1094 3298 usque
1109 3219 1265 3295 tempora.
1280 3214 1336 3279 Cui
1350 3214 1491 3295 aspectui

387 3316 733 3381 ἶ11111111111111111111111
758 3314 920 3395 triplicem
945 3316 978 3379 in
1004 3320 1102 3380 finem
1131 3336 1138 3377 :
1168 3314 1283 3395 primo,
1313 3316 1350 3377 ut
1374 3316 1493 3378 statum

404 3434 520 3481 causae
539 3414 730 3479 hodiernum
748 3412 962 3495 inquiramus;
979 3414 1053 3479 dein
1075 3417 1122 3491 ut,
1145 3412 1308 3479 veteribus
1328 3403 1493 3491 principiis

404 3532 477 3577 cum
498 3511 589 3577 novis
610 3510 746 3588 collatis,
769 3513 829 3575 lux
846 3514 1002 3591 quaedam
1023 3510 1200 3591 quaestioni
1221 3508 1355 3575 intimae
1376 3508 1494 3573 immit-

377 3635 379 3641 ·
403 3615 507 3689 tatur;
524 3614 558 3676 et
571 3613 713 3688 tandem,
728 3630 801 3675 cum
817 3609 963 3675 doctrina
974 3610 1171 3675 oeconomica
1182 3607 1279 3673 Medii
1294 3607 1357 3672 oevi
1372 3611 1406 3675 et
1420 3626 1494 3672 evo-

404 3711 484 3779 lutio
515 3713 658 3791 ejusdem
682 3709 839 3775 hodierna
863 3710 1029 3791 reprobari
1054 3714 1174 3787 soleat,
1205 3712 1242 3773 ut
1269 3716 1393 3790 majore
1422 3728 1494 3773 cum

403 3810 566 3891 aequitate
591 3811 631 3874 de
653 3808 835 3889 hujusmodi
861 3828 1032 3889 progressu
1052 3808 1222 3885 sentiatur,
1246 3826 1285 3872 ao
1308 3822 1437 3873 errores
1461 3812 1494 3872 et

384 3966 386 3971 ,
405 3906 602 3989 praejudicia
617 3906 822 3987 dissipentur.
839 3946 880 3953 —
899 3912 946 3972 Ab
963 3912 1068 3974 altera
1088 3912 1192 3988 parte,
1208 3911 1249 3971 ad
1266 3903 1431 3987 aspectum
1445 3905 1492 3971 rei

404 4008 612 4072 caecutirem
639 4010 721 4088 quod
749 4007 877 4085 attinet,
905 4007 937 4071 id
964 4012 1014 4073 est
1039 4010 1142 4089 quoad
1168 4006 1276 4071 omnia
1303 4025 1341 4070 ac
1367 4004 1492 4085 singula

404 4110 510 4188 pacta,
537 4110 732 4184 contractus
756 4108 897 4188 negotia,
922 4108 1094 4173 hodiedum
1114 4104 1333 4182 usitatissima,
1356 4123 1420 4169 non
1443 4124 1492 4168 re·

404 4206 512 4288 peries
535 4204 595 4271 nisi
621 4208 777 4286 quaedam
802 4205 970 4286 principia,
1000 4209 1136 4271 decursu
1157 4204 1273 4285 operis,
1296 4204 1350 4269 hic
1369 4207 1403 4275 et
1426 4201 1492 4267 illie
