3242 4959
395 452 458 516 258
762 470 834 516 exus
849 469 970 515 turam.
987 469 1067 514 sacr.
1084 469 1116 513 rt.

398 632 479 696 lutae
494 639 524 696 et
539 633 644 696 llrmae
659 630 854 712 superaddat.
868 633 977 695 Totum
991 631 1052 694 lmc
1066 631 1165 694 redit:
1179 628 1217 693 de
1232 645 1292 710 qua
1307 645 1338 693 re
1353 628 1391 692 de
1406 629 1487 692 iacto

396 749 460 795 non
485 737 591 794 otetur
616 740 678 795 toto
700 731 759 794 hoc
780 740 929 810 tempore,
953 746 1034 793 nunc
1057 729 1093 793 de
1116 729 1195 794 facto
1216 729 1282 792 vuit
1303 746 1365 792 noo
1386 728 1435 790 uti
1456 728 1488 789 in

398 831 528 912 gratiam
544 831 680 894 alterius.
695 829 839 904 Proinde,
854 846 891 892 ex
905 845 989 892 mera
1002 829 1060 893 hac
1074 829 1262 910 obligatione
1277 835 1417 908 suscepta
1428 842 1489 906 qua

398 931 452 994 tali
469 945 530 994 non
546 929 642 993 oritur
659 929 778 1007 justitia
799 928 907 1008 pretii3
931 928 984 991 sed
1008 928 1110 1008 potius
1131 927 1250 991 dicatur
1269 927 1386 1006 iustum
1407 924 1488 1004 exigi

399 1029 544 1110 pretium,
568 1044 638 1092 com
664 1027 814 1092 tribuatur
839 1042 888 1090 res
913 1043 991 1107 quae
1016 1028 1048 1089 in
1074 1043 1106 1089 se
1127 1027 1237 1090 habeat
1261 1041 1352 1088 nsum
1377 1039 1489 1104 appre-

400 1127 549 1192 tiabilem.
567 1128 604 1190 Et
618 1127 693 1190 baec
708 1126 844 1203 praecise
858 1135 905 1189 est
925 1125 1095 1189 diderentia
1116 1125 1194 1188 inter
1208 1125 1369 1205 pecuniam
1389 1123 1488 1203 primo

400 1243 458 1290 osu
484 1224 752 1306 consumptibilem
777 1224 913 1304 adeoque
939 1239 1050 1304 perse
1075 1224 1221 1298 sterilem,
1249 1233 1277 1285 et
1301 1237 1409 1302 agrum
1435 1235 1490 1283 seu

399 1327 551 1408 palatium
567 1326 599 1388 in
615 1341 647 1388 se
662 1325 883 1404 permanentia,
898 1332 928 1386 et
942 1322 1070 1403 proinde
1085 1338 1139 1403 per
1152 1339 1185 1386 se
1201 1321 1354 1386 lucrifera.

441 1424 555 1500 Quodsi
572 1440 621 1487 res
646 1424 687 1486 ita
703 1423 896 1502 intelligitur,
914 1431 947 1485 ut
962 1421 1159 1499 intelligenda
1175 1430 1257 1502 patet
1271 1438 1307 1484 ex
1328 1419 1491 1500 principiis

399 1525 521 1605 positis,
545 1523 583 1586 de
605 1521 691 1584 nuda
713 1523 770 1585 bac
791 1521 934 1585 facultate
955 1520 1071 1596 utendi,
1095 1521 1158 1583 sive
1179 1537 1259 1583 anno
1281 1521 1397 1600 elapso,
1426 1520 1491 1581 sive

402 1624 491 1688 annis
507 1622 720 1703 sequentibus,
734 1637 795 1684 non
809 1621 873 1700 iam
889 1621 974 1684 loeus
988 1618 1097 1700 agendi
1113 1620 1211 1683 datur.
1230 1619 1398 1698 loquimur
1408 1619 1491 1680 enim

401 1721 536 1787 denuda
552 1730 581 1785 et
597 1721 783 1802 speculativa
799 1719 942 1784 facultate
958 1719 995 1783 ad
1014 1720 1133 1783 libitum
1147 1735 1179 1782 re
1193 1717 1298 1781 utendi
1314 1734 1349 1781 ac
1370 1716 1408 1780 de
1423 1733 1491 1780 eor-

401 1822 527 1886 relativa
542 1820 729 1900 obligatione
742 1819 795 1882 illa
807 1818 942 1882 carendi.
956 1819 1049 1898 Atqui
1062 1817 1127 1894 illa,
1140 1828 1174 1882 ut
1185 1818 1378 1898 supponitur,
1392 1832 1492 1896 neque

401 1939 438 1984 ex
453 1930 561 1984 natura
576 1920 619 1982 rei
636 1935 734 1998 neque
749 1935 785 1982 ex
800 1918 899 1981 titulis
911 1918 1100 1991 extrinsecis,
1114 1916 1293 1996 objectiones
1303 1916 1394 1979 babet
1405 1915 1491 1978 valo-

402 2034 466 2082 rem
482 2017 743 2081 commutabilem.
759 2017 888 2096 insuper
899 2032 954 2079 nec
968 2025 1116 2094 quatenos
1128 2024 1173 2077 est
1188 2013 1262 2093 quid
1275 2013 1447 2093 subjectioi,
1461 2013 1492 2074 in

400 2116 469 2196 ipso
485 2115 634 2180 creditore
649 2116 820 2191 existentis,
834 2116 946 2179 babere
958 2123 1056 2194 potest
1070 2115 1168 2177 ullum
1180 2114 1312 2176 valorem
1325 2129 1360 2176 ex
1373 2112 1493 2190 justitia

402 2213 666 2294 compensandum
679 2221 711 2275 ut
723 2213 892 2292 aequalitas
903 2212 1097 2275 retribuatur.
1111 2212 1231 2274 Etenim
1246 2211 1357 2292 primo,
1370 2209 1492 2272 etiamsi

401 2314 462 2376 tale
476 2329 554 2376 onus
572 2327 654 2374 mere
669 2311 872 2389 subjectivum
887 2309 1028 2374 creditori
1041 2311 1143 2373 'invito
1165 2311 1372 2391 imponeretur
1393 2307 1493 2371 adbuc

402 2411 453 2474 vix
477 2409 718 2490 intelligeremus
737 2410 817 2488 iuste
839 2407 1096 2472 remunerandum
1118 2425 1195 2483 esse,
1219 2407 1371 2489 siquidem
1390 2407 1493 2470 nulla·

400 2519 490 2574 tenus
506 2518 626 2574 constet
640 2509 821 2574 creditorem
836 2507 986 2588 eiusmodi
1003 2509 1087 2571 oneri
1103 2508 1232 2570 invitum
1247 2524 1313 2570 esse
1325 2507 1493 2571 rationabi-

403 2609 472 2672 liter
497 2611 545 2687 li).
574 2610 611 2672 Et
637 2608 759 2682 deinde,
789 2609 820 2669 in
848 2623 920 2671 casu
949 2606 1126 2670 nullomodo
1156 2608 1337 2687 supponitur
1361 2605 1495 2670 creditor

402 2708 529 2782 invitus,
552 2723 607 2770 nec
622 2707 753 2788 supponi
769 2715 868 2786 potest
885 2723 892 2768 :
908 2722 978 2770 cum
997 2705 1035 2769 ad
1054 2708 1217 2769 essentiam
1233 2706 1339 2770 crediti
1362 2704 1400 2769 ad
1417 2715 1494 2769 tem·

402 2823 471 2886 pus,
494 2805 630 2886 praecise
646 2805 819 2884 requiratur
834 2813 866 2867 ut
880 2804 1011 2868 creditor
1025 2820 1087 2867 non
1102 2805 1142 2866 sit
1156 2803 1283 2866 inuitus.
1303 2803 1377 2878 eris
1392 2814 1494 2866 autem

403 2912 519 2967 asseret
534 2903 595 2966 tale
611 2920 688 2967 onus
710 2919 792 2966 mere
808 2902 1020 2981 subjectivum,
1038 2902 1119 2982 quod
1135 2918 1238 2965 revera
1259 2918 1336 2965 onus
1358 2912 1492 2976 nonest,

404 3003 457 3066 sed
474 3010 597 3066 econtra
612 3001 807 3066 commodum
823 3017 890 3064 esse
905 3010 1014 3082 potest,
1028 3001 1124 3082 pretio
1139 3017 1205 3063 esse
1221 3017 1256 3063 ex
1270 3000 1386 3078 justitia
1403 3000 1494 3063 aesti-

403 3101 530 3176 mabile,
549 3100 617 3164 ideo
634 3101 706 3180 quia
725 3107 770 3162 est
786 3100 931 3179 obligatio
946 3107 1112 3180 spontanee
1126 3101 1302 3179 assumpta?
1324 3099 1399 3173 Quis
1415 3097 1495 3162 dicet

402 3199 609 3279 obligationes
624 3214 731 3261 omnes
744 3214 803 3277 qua
815 3197 902 3271 tales,
914 3198 1055 3277 quamvis
1066 3197 1104 3260 ad
1114 3197 1267 3276 iustitiam
1282 3195 1491 3276 respicientes

437 3389 472 3451 (l)
488 3389 527 3442 lla
549 3385 706 3444 nullatenus
724 3401 856 3454 negamus
875 3389 1037 3443 seutentiam
1057 3387 1129 3455 apud
1150 3388 1317 3455 posteriores
1336 3387 1495 3444 scolasticos

403 3482 590 3535 communem,
602 3483 674 3537 quae
693 3473 768 3526 tenet
786 3470 916 3536 aliquem,
928 3470 976 3537 qui
988 3477 1100 3526 coactus
1110 3472 1154 3526 est
1164 3470 1197 3526 ad
1209 3470 1401 3535 mutuandum,
1414 3483 1495 3537 posse

404 3554 515 3619 exigere
533 3553 784 3620 compensationem
802 3556 875 3607 lueri
890 3556 1018 3606 eessonttt
1035 3555 1077 3606 oei
1094 3556 1189 3606 domni
1206 3555 1375 3619 emergentes.
1386 3552 1494 3608 etiamsi

405 3635 440 3690 de
458 3635 508 3690 bac
525 3635 683 3691 nullalenus
701 3638 811 3700 pactum
828 3636 865 3692 sit
882 3635 927 3699 (cl,
949 3633 1027 3697 inira,
1047 3649 1074 3700 p.
1094 3633 1161 3696 668).
1180 3635 1212 3689 Et
1230 3634 1292 3690 ideo
1309 3633 1434 3700 analogia
1450 3632 1494 3688 ad-

404 3715 487 3772 ducta
506 3730 520 3770 a
539 3715 566 3772 S.
587 3715 727 3782 ttpbonso
750 3729 784 3772 ex
801 3735 818 3765 «
829 3717 1012 3773 communiori
1025 3731 1041 3761 a
1058 3716 1193 3771 sententia
1210 3715 1283 3771 cirea
1299 3715 1494 3782 obligationem

406 3798 560 3864 mutuandi,
580 3799 649 3854 nibil
668 3800 745 3864 dicit,
770 3813 835 3855 oum
854 3801 882 3854 in
901 3798 951 3855 bac
968 3799 1102 3855 sententia
1125 3812 1180 3854 nou
1202 3800 1299 3864 agatur
1316 3797 1352 3870 de
1369 3810 1495 3864 compen·

407 3879 490 3935 sanda
507 3880 675 3947 obligatione
693 3881 837 3937 mutuandi
857 3895 911 3948 qua
931 3880 988 3937 tali.
1012 3882 1153 3943 Attamen.
1176 3879 1254 3946 juxta
1275 3881 1359 3944 rom,
1383 3879 1494 3946 quidam

407 3961 529 4028 theologi
552 3963 620 4020 olim
643 3962 734 4020 loenus
756 3964 942 4031 probauerunt
964 3981 981 4012 «
997 3964 1103 4019 ratione
1130 3962 1245 4018 dominii
1272 3961 1462 4028 compellentis
1486 3979 1493 4016 :

406 4044 512 4099 coactio
521 4044 670 4102 voluntatis
681 4046 710 4100 in
722 4049 820 4102 mutuo
832 4045 901 4102 iacta
912 4047 1026 4102 excusat
1035 4045 1159 4111 accipere
1169 4043 1273 4110 aliquid
1286 4044 1358 4100 ultra
1370 4047 1471 4100 sortem
1478 4056 1494 4086 u

409 4121 623 4184 (OEloonomiscbe
634 4129 890 4195 Anscltoouoqen...,
909 4129 939 4184 in
956 4128 1089 4184 Zeitrodr.
1107 4127 1155 4190 liar
1172 4129 1216 4180 die
1232 4133 1379 4193 qesommte
1397 4128 1495 4180 snau-

409 4206 601 4273 wisoenscdoft,
614 4208 689 4270 ttae.
705 4225 732 4277 p.
746 4210 795 4267 too
806 4212 855 4275 ss.)
