3242 4959
397 395 458 462 116
614 384 617 388 ’
702 405 705 410 ’
767 418 1113 466 ransanrena.sacr.r.

377 572 470 644 ‘''nioe'
487 598 541 644 ceu
555 577 556 582 ’
570 581 671 644 titolis
688 599 747 663 per
766 579 813 644 oo'
819 583 1000 662 fructiferis.
1024 583 1063 646 Et
1088 582 1129 645 ita
1155 583 1278 646 tandem
1304 584 1491 663 interpreta-

397 679 699 745 tionem'obtinemus
715 681 799 744 illius
814 677 961 750 solemnis
977 683 1083 770 asserti
1105 689 1117 746 :'
1133 683 1263 764 capitale
1284 700 1352 747 esso
1367 683 1491 747 foecun-

396 782 481 857 dum,
503 798 568 856 seu,
586 782 668 861 quod
691 782 723 845 in
743 783 825 845 idem
842 783 958 860 recidit,
974 784 1141 865 pecuniam
1156 782 1321 847 hodiedum
1339 802 1400 846 non
1417 785 1490 864 jum

395 898 460 944 esso
472 882 619 947 sterilem.
910 943 912 947 ,
1292 875 1294 878 ’

405 998 408 1003 ⁴
439 979 537 1054 Unde,
552 969 638 1059 juxta
650 988 781 1057 systema
792 980 966 1054 classicum,
981 981 1129 1059 quaedam
1139 981 1201 1058 jam
1219 988 1392 1044 statuuntur
1404 981 1491 1062 priu-

397 1077 489 1157 cipia,
511 1093 588 1156 quae
607 1077 755 1140 claritatis
776 1093 878 1151 causa,
903 1086 1065 1156 antequam
1085 1077 1326 1158 progrediamur,
1347 1079 1489 1158 sequenti

396 1174 487 1238 modo
503 1183 724 1255 componantur
742 1193 749 1239 :
767 1176 896 1256 pecunia
912 1176 1026 1239 credita
1041 1174 1108 1240 ideo
1123 1175 1266 1240 loecunda
1278 1185 1335 1252 est,
1349 1177 1421 1257 quia
1432 1193 1491 1258 per

381 1292 429 1346 ‚se
444 1283 473 1338 et
488 1292 608 1356 semper
622 1277 790 1339 auctarium
807 1275 914 1353 relert;
932 1277 1100 1340 auctarium
1116 1277 1184 1352 lert,
1202 1294 1263 1341 non
1284 1279 1371 1358 quasi
1394 1295 1490 1359 pecu·

396 1374 447 1436 nia
463 1375 625 1454 pecuniam
641 1382 770 1454 pareret,
788 1374 841 1437 scd
864 1375 936 1454 qnia
958 1383 1164 1455 repraesentat
1185 1377 1334 1440 elementa
1355 1377 1490 1457 produc-

395 1473 457 1535 tiva
478 1490 556 1552 quae
577 1488 631 1553 per
652 1488 684 1535 sc
705 1483 734 1536 et
755 1482 877 1553 semper
896 1475 1065 1537 auctarium
1090 1475 1284 1554 producunt:
1302 1486 1383 1540 certo
1403 1477 1491 1538 enim

396 1573 580 1653 supponitur
590 1580 660 1653 post
671 1589 794 1635 omnem
807 1573 1014 1653 operationem
1026 1575 1236 1653 productivum
1248 1576 1352 1639 haberi
1369 1585 1492 1656 partem

379 1671 467 1733 nori
483 1671 595 1733 valoris
611 1670 751 1750 producti
767 1687 844 1751 quae
859 1678 981 1752 superet
992 1689 1143 1735 summam
1159 1672 1378 1736 elementorum
1393 1680 1492 1736 moto

396 1771 525 1833 riolium
536 1771 575 1833 ad
587 1770 820 1851 productionem
836 1771 1092 1847 concurrentium,
1107 1771 1195 1836 idest
1210 1789 1360 1836 summam
1372 1773 1491 1837 laboris

396 1869 552 1949 opificum,
574 1870 724 1934 iacturum
748 1871 945 1941 naturalium.
967 1878 996 1934 et
1017 1881 1204 1935 caeterorum
1230 1872 1338 1952 quovis
1362 1872 1492 1936 nomine

396 1969 519 2031 remant
534 1972 567 2046 (r)
585 1987 593 2032 :
611 1971 695 2050 atqui
722 1978 829 2032 natura
852 1971 946 2050 exigit
967 1979 1000 2058 ut
1020 1971 1077 2033 hoc
1099 1971 1212 2035 valoris
1226 1978 1434 2050 augmentum,
1455 1971 1492 2034 in

396 2067 607 2132 distribuendo
629 2071 731 2132 valore
756 2069 914 2148 producto,
938 2070 1103 2148 possessori
1126 2070 1266 2150 capitalis
1291 2070 1488 2134 attribuatur.

397 2169 501 2232 Posito
527 2168 725 2232 fundamento
750 2170 884 2232 theoriae
909 2170 1066 2245 classicae,
1094 2180 1211 2235 caetera
1236 2173 1337 2251 potius
1357 2171 1492 2235 dicenda

377 2278 379 2283 ·
396 2267 536 2330 videntur
554 2267 767 2342 accidentalia,
783 2268 892 2330 saltem
908 2268 1007 2347 quoad
1024 2270 1233 2348 quaestionem
1248 2286 1340 2349 quam
1357 2270 1492 2350 imprae-

396 2367 563 2428 sentiarum
589 2367 722 2428 examini
752 2366 943 2444 subjicimus.
968 2368 1135 2446 systemata
1164 2367 1246 2430 enim
1276 2369 1383 2442 multa,
1401 2366 1492 2447 'quae

396 2468 495 2547 primo
517 2468 630 2529 intuitu
656 2467 865 2530 diversissima
887 2476 1046 2547 apparent,
1071 2485 1105 2530 cx
1129 2468 1234 2531 eadem
1257 2468 1358 2532 radice
1373 2468 1490 2548 germi-

396 2573 471 2627 nant
488 2582 495 2627 :
514 2565 595 2644 quod
612 2573 645 2627 ut
659 2565 794 2646 apertius
811 2567 874 2640 liat,
892 2582 998 2629 eamus
1013 2581 1067 2644 per
1080 2566 1212 2646 singula.

438 2665 470 2726 l⁰
490 2664 670 2727 Notavimus
696 2663 788 2726 modo
819 2663 857 2726 ad
884 2665 1056 2742 systematis
1084 2665 1203 2727 classici
1233 2665 1396 2726 essentiam
1424 2677 1491 2726 non

396 2764 547 2844 pertinere
564 2773 665 2825 utrum
682 2763 714 2825 in
730 2763 927 2842 productione
942 2764 1003 2825 trio
1016 2764 1136 2843 agentia
1151 2771 1342 2838 concurrant,
1356 2780 1395 2826 an
1407 2762 1489 2839 duo;

395 2877 463 2935 nec,
482 2869 583 2924 utrum
608 2878 664 2924 vox
687 2861 816 2941 capitale
839 2863 890 2924 uni
913 2861 1068 2924 extribus
1091 2862 1276 2941 imponatur,
1301 2878 1340 2924 an
1362 2862 1489 2924 illorum

396 2960 581 3038 complexui.
595 2963 736 3022 Attamen
753 2958 1054 3022 animadvertendum
1070 2967 1116 3021 cst
1131 2975 1185 3037 per
1199 2966 1295 3026 totum
1307 2957 1370 3022 iere
1380 2975 1488 3022 saecu·

398 3058 462 3122 lum
477 3059 550 3121 XIX
565 3060 653 3137 quasi
670 3074 864 3121 communem
880 3058 1045 3137 peritorum
1062 3056 1157 3120 luisse
1173 3058 1331 3133 theoriam,
1349 3075 1409 3138 qua
1424 3065 1488 3120 sta·

427 3253 519 3321 (ll'lta
539 3270 594 3312 non
614 3260 738 3323 negatur,
754 3270 804 3313 uec
823 3260 913 3312 tamen
932 3257 1143 3323 praejudicatur,
1162 3257 1206 3312 lex
1224 3271 1239 3312 a
1258 3256 1353 3313 multis
1370 3256 1489 3312 admissa

394 3339 472 3406 juxta
486 3354 569 3406 uuam
582 3340 748 3407 productum
766 3354 869 3395 novum
887 3342 1034 3404 aequivalet
1050 3339 1193 3395 elementis
1208 3353 1278 3406 uuae
1289 3339 1322 3396 od
1335 3339 1488 3406 producen-

398 3413 465 3478 dum
476 3425 647 3478 concurrunt
661 3441 667 3476 ε
681 3422 783 3478 etenim
801 3421 849 3488 uui
868 3421 937 3476 hanc
955 3421 1101 3477 adstruunt
1118 3421 1213 3488 legem,
1228 3424 1336 3487 praeter
1351 3420 1423 3476 dicta
1434 3419 1488 3476 tria

395 3505 532 3562 clementa
545 3504 703 3569 materialia,
717 3504 858 3560 adducunt
875 3502 949 3559 aliud
968 3504 1094 3570 quodvis.
1114 3521 1138 3559 v.
1152 3519 1178 3570 g.
1193 3518 1274 3559 nsum
1293 3502 1425 3569 capitalis.
1443 3501 1486 3558 vel

394 3588 591 3644 abstinentiam
604 3578 782 3653 capitaltstae,
795 3585 827 3641 ad
841 3589 1029 3652 aequalitatem
1042 3586 1193 3652 ponendam
1211 3585 1255 3656 (ci,
1269 3585 1485 3648 Baium-Bouana,

396 3685 438 3735 op.
452 3685 486 3734 o.,
500 3672 521 3735 1,
536 3685 562 3737 p.
576 3669 703 3732 atomo).
723 3669 798 3725 Unde
816 3671 843 3724 et
862 3668 901 3723 illi
920 3667 1053 3733 implicite
1071 3668 1123 3723 lroc
1140 3672 1320 3735 supponunt:
1335 3667 1358 3723 si
1374 3668 1488 3734 ponitur

395 3754 430 3807 ab
450 3767 505 3808 uua
523 3755 600 3818 parte
619 3767 726 3808 summa
744 3751 944 3807 clementorum
961 3750 1143 3806 materialium
1162 3743 1384 3816 producentium,
1404 3752 1488 3816 prout

377 3825 381 3830 ’
395 3835 487 3891 valent
502 3835 694 3891 insubstantia
712 3848 770 3899 sua,
789 3837 818 3889 el
835 3834 859 3888 si
878 3834 991 3900 ponitur
1008 3833 1041 3887 ah
1059 3833 1142 3888 altera
1162 3837 1239 3899 parte
1254 3832 1331 3887 valor
1348 3833 1412 3887 novi
1425 3846 1488 3898 pro-

396 3917 484 3983 ducti,
497 3919 551 3972 non
563 3924 602 3971 cot
614 3919 745 3982 oeouotto,
759 3929 854 3972 verum
870 3915 904 3970 ab
921 3915 971 3970 hac
989 3918 1065 3981 parte
1084 3915 1199 3971 habetur
1211 3917 1363 3986 auctarium
1375 3914 1486 3970 avalonis.

394 4000 428 4053 In
439 4014 495 4066 uuo
508 4001 630 4067 praecise
648 3999 794 4055 essentiam
806 3999 929 4055 theoriae
940 3997 1068 4054 classicae
1080 3997 1160 4052 nobis
1172 3997 1295 4053 invenire
1306 3996 1441 4054 videmur.
1454 4003 1489 4034 -'-

396 4080 512 4144 lnsuper
523 4080 675 4136 notandum
686 4083 729 4136 est
740 4079 863 4136 laborem
875 4080 904 4134 in
916 4080 966 4134 hac
977 4079 1082 4134 llteoria
1098 4077 1266 4134 conside-rari
1278 4082 1309 4134 ut
1320 4079 1489 4149 elementum

397 4163 551 4227 materiale,
565 4161 591 4216 id
605 4163 646 4217 est
659 4161 756 4218 eodem
768 4160 851 4218 modo
863 4165 918 4227 uuo
930 4163 1035 4216 caetera
1047 4159 1258 4215 aestimandum
