3242 4959
377 453 441 498 ear.
458 454 492 498 11.
516 453 678 500 nonianuus
697 451 880 507 ouaesrrems
895 454 1048 499 ismarus.
1217 435 1259 501 88

166 613 233 688 lini,
251 614 423 678 notavimus
438 631 528 678 usum
543 615 612 679 ideo
627 615 687 696 ipsi
702 631 769 679 esse
783 633 902 698 semper
916 617 1013 697 pretio
1033 617 1257 682 aestimabilem

167 715 240 794 quia
266 716 396 779 includit
421 715 694 797 applicabilitatem
719 717 867 796 pecuniae
892 717 930 780 ad
958 717 1086 780 lucmm.
1108 718 1145 780 bt
1163 718 1198 780 Ρ.
1217 719 1255 782 Η.

166 815 276 890 Pescb,
294 815 347 894 qui
362 822 553 894 praesentem
565 816 748 879 sententiam
760 815 847 878 docte
859 816 1071 896 propugnavit,
1085 817 1256 880 auctarium

166 913 242 976 dicit
258 937 272 970 ‹
287 914 374 977 Preis
388 913 438 977 fiir
452 915 542 977 einen
557 931 664 977 comer
678 914 747 977 dem
767 914 892 995 Capitol
907 915 1002 979 durch
1018 915 1068 978 die
1083 915 1254 978 Creditleis-

165 1020 254 1093 tang,
283 1013 315 1074 in
341 1012 424 1076 ihrer
443 1013 587 1077 Totalitit
608 1012 786 1094 auigefasst,
810 1015 979 1094 gebalenen
999 1014 1177 1078 Realwert»
1203 1016 1252 1092 (a).

166 1110 199 1173 Si
229 1126 302 1190 ergo
331 1111 463 1174 creditor
491 1112 659 1175 hodiernus
686 1112 793 1176 tribuit
822 1123 885 1175 tum
913 1113 1040 1193 capitale
1070 1119 1134 1175 tum
1159 1111 1258 1176 alium

165 1211 250 1274 hunc
265 1211 398 1273 valorem
414 1212 511 1290 pretio
530 1212 732 1274 cummuniter
753 1212 987 1286 aestimabilem,
1005 1211 1123 1275 debitor
1144 1228 1180 1274 ex
1202 1227 1257 1276 sua
1315 1245 1317 1248 ·

166 1317 266 1389 parte,
297 1318 331 1370 ut
354 1309 494 1388 aequalia
517 1318 651 1389 praestet
675 1309 800 1372 reddere
829 1310 917 1372 debet
946 1317 1010 1372 tum
1038 1309 1167 1389 capitale
1193 1317 1257 1372 tum

168 1407 337 1470 auctarium
353 1407 557 1470 aestimationi
572 1407 726 1470 communi
743 1407 941 1486 respondens.

211 1506 343 1586 Ideoque
357 1523 426 1570 cum
441 1515 551 1588 agatur
564 1507 602 1570 de
616 1507 728 1586 objecto
742 1507 852 1569 crediti
867 1508 957 1588 quasi
977 1506 1126 1586 facaodo,
1143 1507 1258 1586 optime

169 1606 336 1686 loquuntur
357 1606 409 1685 qui
432 1605 581 1669 creditum
602 1605 738 1684 eiusdem
760 1606 870 1684 obiecti
892 1607 983 1686 qnasi
1004 1605 1182 1668 locationem
1202 1623 1258 1668 seu

169 1705 350 1770 locationem
363 1706 528 1769 virtualem
543 1706 709 1787 appellant.

211 1807 251 1866 V⁰
265 1806 481 1886 Distioqcitar
493 1811 637 1868 motuum
651 1807 893 1887 consumptionis
912 1813 941 1868 et
961 1813 1105 1870 mataam
1120 1805 1256 1887 prodac-

170 1905 265 1966 tioais
286 1907 332 1981 (a).
357 1939 398 1950 -
417 1905 466 1967 llli
486 1914 612 1985 quartae
632 1905 766 1967 theoriae
785 1905 885 1968 alhnis
907 1914 963 1981 est,
988 1906 1058 1969 licet
1083 1922 1144 1969 non
1170 1904 1260 1985 plene

170 2004 341 2078 conveniat,
358 2005 419 2066 alia
433 2021 512 2084 quae
531 2005 605 2068 olim
626 2021 645 2066 a
665 2004 782 2072 multis,
799 2004 891 2068 hodie
912 2005 950 2068 ab
974 2005 1130 2085 aliquibus
1152 2004 1257 2085 magni

169 2103 305 2166 nominis
319 2103 478 2166 catholicis
492 2103 684 2183 proponitur.
698 2103 807 2166 Affinis
819 2112 865 2165 est
880 2119 914 2166 eo
927 2103 1007 2183 quod
1021 2103 1071 2181 jas
1086 2103 1255 2166 auctarium

169 2201 358 2280 percipiendi
374 2202 412 2264 ab
427 2218 485 2265 usu
500 2203 641 2281 capitalis
660 2201 789 2279 derivet;
808 2218 911 2264 verum
933 2201 1095 2281 dupliciter
1116 2217 1255 2281 praeser-

169 2301 225 2362 tim
251 2317 320 2363 cam
345 2301 411 2380 ipsa
439 2317 502 2364 non
531 2301 672 2364 convenit
698 2318 705 2364 :
734 2301 834 2380 primo
860 2301 932 2380 quia
956 2300 994 2363 ad
1020 2306 1122 2362 actam
1148 2297 1256 2362 utendi

170 2398 305 2477 respicit,
322 2407 352 2461 et
366 2414 428 2461 non
443 2399 482 2462 ad
497 2399 730 2478 possibilitatem
751 2407 932 2479 quaestuose
955 2398 1074 2475 utendi;
1093 2398 1163 2461 dein
1186 2399 1258 2477 quia

172 2504 370 2567 contractum,
388 2497 417 2557 vi
440 2497 527 2575 cujas
548 2496 707 2559 actualiter
731 2495 850 2559 debitor
876 2495 1020 2570 lucretur,
1047 2511 1064 2558 a
1090 2503 1195 2558 mutuo
1218 2495 1258 2558 ad

171 2609 273 2656 reram
289 2593 468 2656 locationem
484 2594 636 2658 transfert.
652 2594 776 2657 Patroni
789 2593 872 2656 enim
883 2593 975 2672 hujus
989 2593 1138 2656 sententia
1153 2608 1258 2655 esseu-

173 2691 285 2754 tialiter
299 2692 549 2772 distinguendum
564 2709 631 2756 esse
642 2691 830 2755 contendunt
845 2691 923 2754 inter
936 2691 981 2753 sic
993 2690 1106 2754 dictum
1119 2697 1259 2752 mutuum

173 2793 416 2871 consumptionis
431 2793 512 2873 (pre‘t
528 2791 565 2854 de
578 2791 826 2866 eormommatioa)
843 2800 872 2852 et
887 2799 1026 2853 mutuum
1049 2789 1259 2869 productionis

173 2891 250 2972 (pret
265 2891 302 2952 de
311 2890 511 2971 productiora,
529 2892 574 2954 vel
587 2891 659 2972 pret
673 2889 709 2952 de
723 2892 897 2966 commeare)
913 2889 1123 2952 Essentialiter
1143 2905 1178 2951 ea
1194 2887 1258 2950 dis-

173 2989 327 3069 tinguant,
345 3006 414 3052 cum
430 2990 462 3051 in
478 2990 572 3069 priori
588 2996 743 3053 contractu
758 3003 807 3050 res
823 2987 921 3066 primo
937 3003 994 3050 usu
1009 2986 1261 3066 consumptibiles

174 3087 346 3162 credantur,
370 3103 433 3149 nou
453 3097 555 3150 autem
575 3088 608 3149 in
629 3087 736 3149 altero.
759 3085 841 3159 Quae
863 3085 1031 3160 distinctio,
1058 3085 1154 3159 aiunt,
1178 3084 1262 3148 illico

173 3197 256 3268 patet
279 3205 286 3250 :
313 3188 435 3268 quando
456 3205 505 3252 res
527 3189 616 3252 datur
638 3188 676 3252 ad
698 3188 975 3267 consumptionem,
997 3203 1071 3249 usus
1097 3186 1195 3266 ipsius
1217 3194 1263 3248 cst

175 3288 304 3363 abusus;
323 3295 454 3363 econtra,
472 3288 594 3368 quando
612 3287 650 3350 ad
664 3287 908 3368 productionem,
924 3287 994 3350 licet
1008 3286 1130 3366 physice
1145 3293 1259 3365 pereat,

175 3385 332 3449 moraliter
346 3387 447 3449 valore
462 3387 602 3450 subsistit
613 3395 643 3450 et
657 3402 770 3450 novum
785 3385 945 3464 physicum
961 3385 1094 3448 valorem
1109 3384 1258 3464 producit.

209 3624 244 3687 (l)
261 3623 299 3680 Gi.
312 3625 342 3679 li.
356 3625 452 3687 Pascit,
465 3629 521 3677 art.
534 3638 556 3676 e.
571 3621 697 3684 (Zeitsab.
709 3620 731 3685 s.
744 3621 817 3675 laath.
837 3620 937 3681 Theoi,
951 3616 1025 3681 8888,
1039 3632 1066 3683 p.
1080 3616 1130 3679 58).

209 3707 244 3767 (8)
259 3707 330 3762 llaec
346 3706 453 3761 theoria
471 3704 550 3760 initio
569 3718 591 3758 s.
605 3703 660 3757 lllll
672 3701 782 3757 defensa
800 3703 842 3756 est
859 3715 875 3756 a
894 3701 976 3756 Cano.
989 3713 1023 3753 ou
1035 3713 1070 3752 aa
1081 3699 1214 3759 Luanuuu,
1234 3697 1263 3753 in

177 3799 260 3852 opere
271 3787 363 3849 citato.
375 3789 403 3842 et
415 3786 553 3842 recentius
569 3784 729 3850 praesertim
740 3797 755 3838 a
768 3783 811 3838 du.
824 3783 936 3846 ianuar,
950 3783 988 3833 Le
1003 3781 1115 3844 contrat,
1129 3780 1157 3832 ta
1169 3778 1262 3840 daeca-

178 3869 261 3933 latioa
279 3875 305 3921 et
323 3870 350 3921 ta
367 3869 489 3922 Fiaaoee
507 3883 542 3920 aa
559 3868 643 3920 ΧΙΧο
659 3867 748 3929 merie,
761 3880 785 3921 c.
798 3866 841 3928 ΙΙΙ,
860 3865 876 3918 8
894 3867 922 3919 el
939 3863 986 3917 3...
1000 3862 1066 3918 (lum
1085 3861 1137 3916 hoc
1153 3873 1264 3916 oeoono·

178 3951 277 4014 misia,
296 3950 376 4007 multi
398 3950 525 4006 catholici
549 3949 621 4005 idem
643 3951 761 4014 systema
784 3947 1005 4011 assumpserunt,
1030 3943 1176 4009 praecipue
1197 3957 1262 4000 oum

178 4034 274 4099 agatur
296 4032 332 4087 de
350 4032 532 4098 explicatione
550 4029 716 4086 evolationis
734 4027 805 4096 iuris
825 4027 1000 4085 ecclesiastici
1023 4045 1029 4081 :
1050 4028 1180 4082 mutuum
1199 4039 1263 4082 con-

179 4114 347 4180 sumptionis·
362 4115 391 4169 in
407 4113 495 4170 lledio
512 4127 579 4169 aevo
598 4115 744 4179 reponunt.
763 4115 791 4168 et
808 4113 936 4168 mutuum
957 4109 1148 4176 productionis
1168 4110 1264 4165 nostro

179 4197 342 4264 plemmque
356 4201 505 4254 reservant.
