3242 4959
454 432 531 479 ἘΛΚ
556 433 576 478 Ι.
601 432 734 479 rrlsroltltt
756 431 950 486 obnusrlonlS.

354 642 392 691 B.
411 637 591 692 Salmasius
607 640 641 691 et
657 650 814 703 sequaces
831 599 933 702 pers.
951 639 1053 691 xvn.

205 840 244 903 dt
258 838 291 901 in
305 839 469 903 llollandia
484 840 663 920 praesertim
679 842 725 916 tt),
742 840 858 919 aliquot
879 840 969 903 annis
989 847 1105 920 postea,
1127 848 1253 904 contro--

160 938 262 1003 versia
273 939 312 1003 ob
323 940 465 1018 adjuncta
480 940 558 1003 vitae
570 940 781 1004 oeconomicae
792 940 921 1003 excitata
933 940 1125 1003 vehementer
1139 938 1244 1003 icrvet.

159 1038 298 1102 Exeunte
323 1040 404 1103 enim
427 1055 453 1102 s.
476 1039 556 1113 XVI,
580 1039 611 1101 in
633 1039 757 1102 Batavia
778 1046 807 1101 et
832 1038 863 1100 in
887 1038 992 1119 Belgio
1015 1037 1128 1102 iactum
1150 1047 1250 1102 estut

160 1154 283 1214 census,
311 1139 363 1218 qui
392 1138 505 1201 ibidem
530 1154 627 1217 usque
654 1136 692 1199 ad
721 1136 855 1199 medium
886 1136 1043 1199 saeculum
1072 1136 1255 1200 emebantur

159 1238 259 1300 reales
270 1244 299 1300 et
314 1246 431 1300 tantum
447 1254 482 1300 ex
498 1246 583 1317 parte
595 1236 760 1300 venditoris
775 1235 976 1310 redimibiles,
990 1244 1019 1298 et
1035 1235 1106 1299 inde
1118 1253 1135 1299 a
1147 1236 1252 1301 medio

160 1338 283 1401 saeculo
310 1338 409 1415 (1567)
435 1336 467 1399 in
496 1336 625 1417 gratiam
651 1336 849 1417 pupillorum,
877 1335 1030 1415 utrimque
1058 1336 1248 1401 redimibiles

160 1437 258 1500 eiieoti
281 1445 366 1500 erant
381 1439 427 1514 (c),
445 1437 557 1499 mirum
580 1436 612 1499 in
631 1436 756 1499 modurn
775 1435 993 1497 evolverentur.
1016 1436 1111 1509 Quem
1131 1452 1252 1501 morem

159 1546 235 1599 tuno
255 1535 490 1599 invalescentem
514 1532 682 1597 Sasboldus
702 1533 867 1595 Vosmerus
887 1532 926 1595 ad
951 1532 1098 1596 Nuntium
1123 1544 1246 1615 aposto·

160 1633 255 1698 licum
279 1634 517 1709 Bruxellensem,
542 1633 596 1695 998
617 1640 694 1712 sept.
719 1631 811 1706 1598,
836 1632 877 1694 ita
897 1630 1066 1696 describit:
1090 1633 1253 1698 «invaluit,

159 1732 275 1795 recenti
290 1732 436 1795 memoria
452 1730 634 1810 corruptela,
652 1746 712 1809 qua
727 1730 864 1809 quidam,
882 1746 920 1793 ne
935 1731 1145 1795 necessitatem
1160 1749 1251 1797 suam

159 1830 302 1911 prodant,
326 1831 391 1906 alii,
418 1847 456 1893 ne
482 1830 554 1893 dum
580 1829 741 1892 facultates
767 1845 838 1891 suas
863 1829 980 1893 faciunt
1004 1831 1183 1896 manifestas
1207 1834 1248 1897 ad

158 1929 292 2008 maiores
310 1929 549 1993 contributiones
570 1927 803 2008 compellantur,
821 1936 986 2007 praeterea,
1004 1937 1037 1991 ut
1051 1930 1090 1993 ad
1112 1933 1245 1995 necessi-

158 2038 252 2092 tatem
268 2028 380 2091 redacti
397 2028 552 2107 depositas
572 2028 718 2107 pecunias
740 2036 873 2107 repetere
894 2027 1024 2107 possint,
1042 2029 1099 2092 sub
1121 2031 1250 2097 nomine

144 2128 258 2210 xmutui
273 2135 302 2191 et
317 2127 513 2208 obligationis
528 2126 733 2190 foenerantur.
747 2128 800 2190 list
815 2143 995 2206 persuasum
1010 2127 1140 2207 plebeiis
1154 2147 1249 2210 posse

159 2244 193 2291 se
207 2228 266 2290 tale
283 2226 401 2290 lucrum
416 2243 434 2289 a
449 2233 556 2305 sponte
578 2226 774 2289 offerentibus
795 2226 939 2305 recipere,
957 2226 1048 2306 idque
1071 2244 1141 2291 cum
1155 2241 1249 2309 pacto-

158 2334 284 2406 propter
294 2326 497 2400 securitatem,
512 2324 538 2387 si
554 2323 631 2387 forte
642 2323 760 2387 debitor
775 2324 889 2387 interea
904 2325 1051 2388 moriatur
1062 2334 1114 2388 aut
1128 2328 1245 2392 incom-

159 2424 285 2488 modum
301 2424 475 2487 incurrat».
493 2423 587 2487 Addit
604 2423 812 2503 «plerumque
833 2424 908 2497 lieri,
926 2433 959 2486 ut
973 2424 1001 2487 is
1015 2426 1068 2504 qui
1083 2428 1243 2506 pecuniam

159 2524 271 2604 accipit
295 2540 330 2587 ea
359 2524 540 2603 negotietur,
569 2530 599 2585 et
623 2523 749 2602 triplum
779 2523 977 2602 decuplumve
1008 2524 1166 2588 lucretur»
1195 2529 1242 2605 (a).

158 2626 286 2704 Nempe,
313 2624 500 2704 pupillorum
527 2630 557 2686 et
581 2622 741 2685 viduarum
770 2623 927 2703 pecuniae,
954 2640 1033 2703 quae
1058 2624 1131 2688 olim
1162 2626 1246 2706 apud

160 2732 298 2787 senatum
328 2722 567 2802 deponebantur,
595 2730 629 2785 ut
657 2722 695 2783 iis
723 2738 833 2785 census
861 2730 1042 2797 emerentur,
1073 2723 1111 2786 ab
1140 2724 1250 2803 aliquo·

157 2821 221 2899 jam
240 2828 374 2900 tempore
395 2820 615 2900 indigentibus,
639 2826 720 2883 certo
743 2817 858 2881 ioenore
879 2825 1002 2891 statuto,
1020 2820 1242 2884 tribuebantur.

159 2921 294 2984 Exeunte
308 2936 378 2984 vero
394 2921 515 2984 saeculo
528 2921 608 2995 xvi,
624 2919 770 3000 pecuniae
789 2919 861 2981 illae
876 2934 936 2981 non
949 2918 1013 2996 jam
1032 2920 1064 2981 in
1079 2920 1142 2983 illis
1156 2921 1248 3000 quasi

191 3181 225 3245 (it
241 3180 387 3236 Historiam
404 3179 614 3242 controversiae,
637 3178 666 3233 in
684 3178 734 3233 bac
752 3178 867 3245 periodo
885 3179 914 3233 in
929 3179 1035 3233 Batavis
1050 3181 1135 3244 uotae,
1154 3179 1244 3236 effeci·

158 3278 230 3328 mus,
242 3262 408 3319 conferendo
421 3264 449 3317 P.
462 3262 616 3319 Bnnmnmr.
629 3262 671 3314 De
681 3262 742 3325 iore
753 3264 843 3315 divino
854 3268 879 3314 et
890 3264 1013 3315 naturali
1029 3264 1103 3315 circe
1120 3276 1245 3327 usuram,

158 3347 178 3413 Ι,
192 3360 219 3413 p.
233 3361 392 3411 xxr-xxvrm
412 3347 443 3410 ll,
462 3360 489 3411 p.
503 3344 576 3410 i·lO;
595 3343 660 3399 dein
678 3342 882 3407 Praefationent
899 3346 927 3399 ei
944 3344 1045 3409 scripta
1063 3344 1242 3410 collectionis,

159 3440 229 3495 onae
242 3427 354 3494 prodiit,
374 3441 446 3482 anno
466 3425 540 3490 trit,
562 3426 614 3482 sub
634 3426 737 3481 titulo:
758 3426 843 3478 Ver-ie
860 3428 962 3489 tempto
981 3428 1054 3479 eirea
1072 3440 1193 3490 usuram,
1214 3430 1250 3480 in:

158 3510 249 3576 quobus
260 3512 426 3574 potbnmem
437 3510 597 3573 expenditur
606 3510 668 3574 quid
679 3509 712 3561 de
723 3507 851 3559 reditibus
859 3520 923 3570 quos
933 3510 1069 3573 utrimque
1081 3508 1245 3562 redintviiter

158 3597 261 3655 vocent,
290 3593 325 3643 cit
352 3592 520 3644 sentiendum
551 3588 577 3653 (3
602 3588 681 3654 vol.);
711 3592 754 3649 et,
784 3587 856 3643 inter
889 3590 1073 3654 recentiores,
1101 3589 1243 3651 dromon.

158 3688 199 3739 op.
212 3688 246 3739 c.,
259 3688 287 3739 p.
300 3672 423 3738 les-bom
442 3673 471 3728 ΙΙ.
489 3673 652 3735 Lnsruvrms,
673 3670 828 3725 demente
845 3673 895 3725 der
912 3671 1246 3734 collerwirtbrcbestlicbere

157 3757 372 3823 dorchacengen
397 3758 446 3810 der
474 3756 677 3808 Niederidnder
698 3755 753 3806 uod
775 3753 853 3806 ihrer
881 3754 1024 3807 Literotur
1046 3768 1097 3807 zur
1118 3754 1171 3807 Zeit
1193 3756 1248 3807 der

158 3840 300 3905 Republilt,
319 3854 364 3906 pp.
383 3838 502 3902 dioilo,
526 3835 643 3893 995396.
665 3835 783 3901 Leipzig,
803 3836 903 3901 llireel,
924 3834 1003 3900 18633
1024 3835 1241 3902 boen-monor,

159 3934 200 3985 op.
213 3935 247 3986 c.,
258 3921 280 3985 1,
293 3935 320 3985 p.
334 3918 417 3975 esto.

191 4002 227 4065 (9)
243 4002 281 4059 Gi.
293 4004 322 4059 P.
336 4003 488 4067 Bnrrnnnu,
502 4018 543 4067 op.
556 4018 591 4068 c.,
603 4004 635 4067 ll,
649 4017 675 4068 p.
689 4004 715 4057 l.

191 4085 225 4148 (3)
242 4084 473 4151 Transcripsimus
491 4098 525 4141 ex
546 4084 723 4149 Praefatione
742 4083 911 4140 collectionis
940 4084 1026 4137 Varie
1047 4086 1150 4150 scripto
1172 4087 1250 4140 circe

158 4184 279 4235 tuorem,
292 4173 364 4226 etex
376 4170 563 4236 Bnorornsnn,
582 4170 723 4223 Tractatio
734 4169 822 4224 brevis
832 4172 865 4221 de
876 4168 1047 4234 reditibus...,
1060 4182 1088 4235 p.
1103 4168 1160 4226 llo.
