3242 4959
402 452 462 516 108
769 472 842 516 ntus
857 471 977 517 111111.
995 471 1075 518 sucu.
1093 473 1115 516 1.

400 632 479 695 vitae
508 633 712 697 oeconomicae
741 633 912 697 necessario
942 633 1197 714 significationem
1234 633 1331 714 ipsius
1362 633 1502 696 maxime

401 730 610 794 extenderunt.
633 732 709 793 Cum
731 731 814 794 enim
836 731 977 810 adiuncta
1002 732 1149 796 moderna
1174 732 1405 812 productionem
1430 738 1498 794 tam
1602 721 1604 782 Γ

400 829 574 893 foecundam
590 828 789 897 reddiderint.
806 839 836 893 et
855 830 1033 910 praesertim
1055 831 1285 894 circulationem
1308 837 1337 892 et
1358 845 1501 893 commu-

400 927 545 991 tationem
562 927 699 991 omnium
715 929 865 991 bonorum
882 929 961 992 inter
980 945 1013 991 se
1034 936 1074 1004 et,
1091 936 1125 992 ut
1143 929 1184 990 ita
1204 927 1354 1003 dicamus,
1371 943 1495 991 eorum-

400 1026 470 1090 dem
485 1026 565 1088 inter
580 1042 612 1088 se
627 1027 891 1090 reversibilitatem
906 1035 968 1090 tam
989 1027 1109 1091 facilem
1131 1038 1161 1090 et
1180 1027 1379 1107 frequentem,
1397 1026 1496 1089 menti

399 1123 491 1204 plane
506 1123 628 1186 obvium
645 1134 709 1186 erat
724 1133 757 1187 ut
771 1125 863 1188 unico
879 1125 1025 1188 vocabulo
1040 1125 1120 1188 bona
1143 1125 1247 1188 omnia
1268 1133 1490 1204 supponantur,

400 1223 475 1286 adeo
492 1230 524 1284 ut
538 1223 690 1286 variarum
706 1223 882 1286 divitiarum
898 1225 1060 1303 qualitates
1072 1241 1107 1287 ac
1118 1225 1244 1287 virtutes
1256 1224 1288 1286 in
1300 1225 1389 1287 unico
1404 1221 1495 1302 quasi

400 1330 547 1401 conceptu
569 1322 865 1402 comprehendantur
886 1324 999 1398 altiori,
1029 1340 1137 1404 nempe
1158 1323 1262 1386 valore
1282 1338 1383 1386 rerum
1407 1339 1414 1384 ε
1438 1322 1498 1384 illo

401 1436 510 1500 nempe
535 1437 585 1483 res
610 1422 801 1502 concipiendi
827 1422 931 1495 modo,
959 1440 994 1487 eo
1023 1424 1143 1487 facilior
1168 1440 1270 1486 rernm
1295 1421 1497 1486 commutatio

401 1520 558 1582 efficienda
583 1530 658 1595 erat,
683 1538 751 1583 cum
776 1522 818 1584 ita
840 1532 1023 1598 contractus,
1051 1523 1162 1602 quibus
1186 1539 1234 1585 res
1254 1529 1490 1596 commutamur,

401 1619 513 1684 directe
528 1621 608 1684 circu
622 1621 755 1683 valorem
771 1622 853 1684 buno
868 1623 1056 1702 superiorem
1069 1622 1139 1685 iniri
1156 1622 1275 1702 possint
1291 1624 1337 1699 (t).

443 1808 555 1882 Quodsi
573 1810 702 1888 capitale
718 1810 899 1873 modernum
916 1828 952 1874 er
968 1811 1057 1874 dictis
1072 1811 1175 1890 aliquo
1196 1810 1366 1874 delineatur
1387 1809 1488 1884 modo,

401 1919 432 1970 at
446 1924 507 1970 non
522 1919 661 1972 accurato
680 1926 686 1971 :
706 1910 842 1973 nondum
858 1911 940 1973 enim
956 1911 987 1972 in
1005 1911 1070 1973 luce
1086 1910 1185 1989 posita
1200 1918 1247 1972 est
1260 1915 1336 1971 noto
1355 1908 1489 1988 eiusdem

397 2008 570 2088 praecipuo
585 2015 677 2088 utque
692 2009 874 2071 essentialis.

444 2106 572 2169 Multum
588 2108 711 2187 quidem
729 2125 746 2170 a
762 2109 869 2187 peritis
885 2109 922 2172 de
942 2110 1075 2189 genuino
1098 2108 1238 2189 capitalis
1259 2116 1406 2187 conceptu
1428 2105 1491 2168 dis-

401 2213 539 2284 putatum
562 2215 657 2268 estet
680 2207 771 2268 etium
794 2207 966 2286 disputatur
990 2225 996 2269 :
1023 2208 1237 2287 «quicunque,
1265 2206 1370 2270 scribit
1392 2205 1493 2282 Henry

402 2304 517 2385 Georgo
533 2308 580 2383 le),
598 2305 697 2368 desire
713 2309 869 2369 connaitre
885 2307 954 2385 plns
970 2305 986 2368 t
1002 2307 1075 2370 lond
1093 2308 1121 2369 la
1137 2306 1298 2370 confusion
1321 2305 1372 2384 qui
1396 2305 1497 2367 existe·

402 2399 419 2463 d
441 2419 475 2465 ce
495 2404 573 2481 solet
593 2404 692 2482 parmi
716 2404 759 2465 les
774 2404 965 2483 professeurs
980 2404 1166 2468 d’doonomie
1181 2405 1340 2484 potitique,
1358 2403 1407 2466 n’a
1422 2400 1490 2482 qna

402 2500 546 2563 ebercher
561 2501 639 2564 dans
654 2518 713 2563 une
729 2501 937 2580 bibliotheque
952 2499 990 2564 od
1008 2503 1051 2564 les
1073 2519 1220 2582 ouvrages
1242 2502 1278 2564 de
1301 2518 1351 2565 ces
1373 2501 1488 2581 profes·

403 2614 488 2661 seurs
504 2608 573 2662 sont
584 2599 694 2680 ranges
710 2603 776 2662 cote
795 2599 891 2662 boote
906 2624 933 2662 1.
948 2601 1059 2663 Verum
1072 2618 1107 2664 ex
1120 2601 1263 2664 omnibus
1274 2601 1489 2679 acerrimisque

402 2818 516 2881 capitote
544 2830 575 2870 ac
604 2817 760 2879 capitolium
782 2835 791 2870 .·
813 2816 850 2870 ibi
871 2815 1004 2872 docemur
1029 2816 1081 2882 jum
1110 2816 1173 2871 inde
1193 2831 1208 2870 a
1229 2831 1251 2871 s.
1278 2817 1323 2870 llll
1348 2830 1416 2870 voce
1443 2817 1490 2870 boe

401 2898 537 2964 designari
556 2898 703 2964 aliquando
720 2899 847 2954 «bonum
864 2913 944 2955 omne
967 2899 1042 2966 qood
1061 2898 1227 2966 possidetur.
1248 2899 1408 2964 praesertim
1426 2911 1491 2953 vero

400 2981 537 3035 bonorum
554 2982 660 3046 speeies
676 2981 731 3042 illa,
744 2995 815 3046 quae
832 2983 860 3035 in
878 2981 1030 3047 pecudibus
1047 2982 1203 3037 consistit».
1217 2981 1426 3036 Bdmt-annnn
1438 2982 1489 3046 (op.

400 3079 435 3125 c..
447 3065 479 3126 11,
493 3078 520 3128 o.
531 3063 581 3127 11),
592 3068 655 3119 ante
667 3078 689 3118 s.
704 3064 782 3118 llvlll
794 3078 908 3126 exeuns,
923 3079 1009 3119 unum
1021 3063 1211 3119 tantummodo
1219 3063 1376 3129 exemplum
1388 3062 1491 3118 invenit

401 3158 457 3210 quo
474 3145 589 3209 cabitole
607 3145 741 3210 siguificat
760 3147 886 3201 «bonum
906 3161 988 3202 omne
1005 3144 1080 3211 quod
1099 3145 1278 3211 possidetur»
1298 3146 1336 3208 (in
1351 3145 1494 3199 Glossario·

401 3240 473 3280 anno
486 3225 550 3281 tots
563 3227 655 3288 edito).
668 3255 701 3264 -
714 3227 789 3282 Unde
805 3229 954 3294 generatim
972 3227 1117 3283 dicendum
1137 3227 1245 3282 videtur
1260 3242 1355 3284 vocem
1367 3230 1488 3291 cubitale,

401 3312 464 3365 unte
477 3322 499 3364 s.
513 3310 602 3371 XVlll,
616 3309 657 3364 rel
671 3310 812 3366 includere
831 3315 922 3365 notam
943 3310 1161 3376 productivitatis
1179 3314 1206 3365 et
1224 3313 1291 3365 tuuc
1302 3310 1335 3365 ad
1349 3311 1492 3376 pecuniam

402 3392 541 3458 restringi,
563 3392 605 3447 vel
627 3392 775 3458 aliquando
799 3391 833 3447 ud
857 3393 948 3447 omnia
971 3393 1041 3447 bonu
1064 3392 1185 3457 extendi,
1209 3407 1304 3448 verum
1329 3398 1394 3449 tuno
1418 3393 1490 3447 illam

401 3477 495 3530 notam
507 3488 563 3528 non
574 3474 817 3540 comprehendere.

434 3556 469 3618 ll)
484 3555 616 3622 Equidem
629 3570 678 3620 ber
689 3570 719 3611 so
731 3571 785 3611 uon
796 3559 929 3622 repugnat
939 3570 1040 3612 nomen
1048 3559 1163 3622 capitote
1171 3559 1244 3612 tanta
1256 3571 1319 3612 cum
1331 3558 1494 3612 extensione

400 3639 543 3705 murbach
563 3653 659 3694 verum
678 3639 828 3694 maximum
850 3639 913 3694 inde
934 3639 1059 3694 imminet
1080 3639 1242 3703 uenientum.
1264 3654 1327 3695 cum
1347 3640 1438 3705 agitur
1456 3638 1495 3694 de

400 3728 551 3776 contractos
570 3724 682 3787 justitio.
705 3723 809 3778 Etenim
831 3723 854 3778 si
875 3727 1032 3778 contractus
1052 3722 1154 3779 directe
1174 3724 1246 3778 eirea
1268 3723 1389 3779 valorem
1413 3723 1490 3778 illum

401 3805 478 3872 quasi
491 3804 607 3860 idealem
620 3805 760 3869 ineuntur,
772 3805 926 3861 timendum
938 3810 980 3861 est
992 3810 1023 3860 ut
1035 3805 1231 3872 objectivnrum
1245 3807 1283 3860 rei
1296 3805 1415 3861 creditae
1427 3819 1490 3872 qua-

401 3885 509 3943 litatum
522 3887 591 3943 ratio
603 3902 659 3942 non
673 3888 814 3943 habeatur.
828 3891 860 3944 nt
879 3889 1000 3954 praecise
1018 3902 1052 3944 ex
1070 3887 1177 3944 diversa
1194 3887 1365 3954 objectorum
1384 3891 1493 3951 natura,

401 3968 492 4024 oritur
504 3968 647 4024 diversitas
660 3970 687 4022 in
699 3971 896 4025 contractibus.
906 3969 1035 4036 ideoque,
1046 3974 1077 4025 nt
1089 3969 1269 4036 sequentibus
1280 3970 1366 4036 magis
1378 3969 1494 4036 patebit*

402 4049 432 4104 iu
452 4049 504 4105 boc
524 4050 584 4116 insu
605 4054 738 4117 concentu
761 4051 967 4116 generalissimo
988 4051 1110 4118 caumatis
1129 4051 1219 4118 iacent
1238 4053 1341 4106 semina
1364 4065 1494 4108 errorum
1562 4041 1566 4052 ’

402 4131 557 4187 moralium.

370 4241 372 4243 ·
433 4212 468 4276 (1)
485 4212 522 4269 Cf.
535 4215 566 4269 H.
581 4214 726 4279 Snvnrrnu,
740 4229 781 4280 op.
794 4229 828 4279 c.‚
843 4229 869 4281 b.
883 4214 924 4270 35.
