3242 4959
399 483 464 529 osv.
481 483 502 528 r.
520 481 640 528 cursura
656 481 731 535 ouer
744 480 926 527 cuuuuurun.
1030 497 1034 510 ·
1147 462 1208 527 233

160 650 199 714 iit
220 649 258 713 ad
283 649 443 714 clariorem
471 648 578 712 asserti
604 647 701 711 nostri
727 647 973 727 intelligentiam,
1000 646 1082 727 quod
1108 646 1208 727 primo

110 749 232 814 intuitu
247 750 359 814 mirum
379 749 475 814 videri
497 757 610 830 posset,
628 746 931 813 animadvertendum
952 755 998 811 est
1020 747 1208 812 substandae

109 865 282 914 concessae
308 850 408 913 inesse
433 849 563 930 supponi
590 848 725 911 valorem
754 847 1013 924 commutationis,
1041 847 1109 910 ideo
1134 848 1208 927 quia

112 949 291 1013 substantia
312 949 387 1012 haec
408 948 494 1012 utitis
515 957 576 1023 est;
600 947 654 1011 sed
677 947 763 1010 utitis
783 956 841 1022 est,
864 948 936 1026 quia
958 948 1039 1010 vires
1059 946 1208 1027 quasdam

111 1048 275 1111 naturales
290 1049 435 1122 continet,
453 1063 530 1128 quae
545 1047 606 1110 aiio
621 1047 732 1110 acatio
748 1045 839 1110 modo
850 1046 897 1110 vei
910 1047 948 1110 ad
961 1046 1055 1110 atium
1066 1061 1102 1110 ac
1113 1046 1208 1111 alium

111 1146 211 1209 duem
228 1145 365 1210 adhiberi
380 1153 509 1225 possunt
524 1147 570 1222 (r).
588 1145 679 1226 Ergo,
697 1159 767 1209 cum
789 1145 961 1208 substantia
980 1144 1156 1209 conceditur
1168 1144 1209 1208 ad

110 1261 223 1321 usum,
236 1246 312 1309 nihii
328 1245 411 1309 aliud
427 1243 603 1308 conceditur
617 1260 652 1307 ac
664 1259 738 1307 usus
749 1243 861 1307 virium
876 1244 998 1308 iiIarum
1010 1244 1207 1307 naturalium.

113 1343 207 1408 Unde
229 1359 335 1406 rursus
360 1352 442 1424 patet
467 1343 600 1406 vaterem
627 1342 816 1406 substantiae
840 1359 907 1405 esse
928 1342 1062 1405 valorem
1084 1342 1209 1405 iliarum

109 1443 231 1507 virium
245 1445 293 1521 (a).
308 1443 365 1518 Qui
379 1441 505 1523 proinde
513 1443 614 1522 «pretio
626 1440 803 1505 concederet
814 1441 1029 1513 substantiam,
1042 1449 1072 1504 et
1083 1440 1209 1522 iusuper

109 1541 262 1606 venderet
276 1557 365 1606 usum
384 1541 496 1605 virium
516 1541 713 1615 naturatum,
730 1555 808 1620 quae
830 1541 935 1620 utique
955 1539 1026 1604 'cum
1046 1540 1148 1605 labore
1169 1538 1207 1602 ad

108 1641 258 1704 vatorum
283 1640 514 1721 productionem
540 1648 732 1714 concurrent,
762 1639 844 1703 «bis
867 1639 1011 1703 venderet
1040 1639 1132 1713 idem,
1160 1638 1207 1702 vei

111 1741 262 1806 venderet
286 1741 367 1821 quod
389 1757 450 1805 uon
473 1749 529 1806 est.
546 1763 560 1797 v
578 1742 615 1805 Et
631 1741 673 1804 ita
687 1742 823 1815 taudem,
840 1742 960 1805 etiamsi
979 1758 1029 1804 res
1043 1757 1207 1822 cousump-

107 1839 227 1906 tibiIis.
256 1840 288 1902 in
312 1840 544 1919 consumptione
570 1839 607 1902 ad
631 1853 679 1902 res
701 1839 913 1919 producendas
937 1838 1084 1910 adhibita.
1111 1839 1208 1902 activa

105 1939 296 2002 causalitate
318 1938 357 2002 ob
380 1943 459 2002 vires
481 1939 602 2001 innatas
619 1937 820 2019 prodocttoui
840 1948 1011 2012 concurrat,
1034 1946 1135 2001 tamen
1154 1952 1208 2018 per

145 2167 184 2230 (I)
202 2167 231 2221 P.
244 2167 416 2222 inseramur
428 2167 478 2230 (op.
492 2181 525 2230 c,
536 2181 563 2232 u.
577 2166 609 2222 dd
621 2167 669 2228 ss.)
681 2166 873 2233 philosouhice
884 2170 998 2223 conatur
1007 2167 1124 2233 probare
1136 2169 1206 2234 caui·

103 2251 169 2307 tale
182 2263 238 2306 nou
249 2263 310 2305 esse
321 2265 429 2304 coruum
448 2249 655 2315 producentem,
667 2250 898 2318 quemadmodum
917 2254 1013 2307 natura
1027 2254 1056 2306 et
1073 2251 1165 2316 laton
1178 2252 1207 2306 et

103 2333 145 2390 ad
160 2333 217 2389 hoc
228 2332 409 2396 efficiendum,
422 2333 577 2389 considerat
588 2334 640 2389 tria
652 2335 785 2390 elementa
797 2348 877 2402 quae.
889 2334 965 2401 iuxta
977 2335 1077 2400 iusum,
1090 2332 1206 2399 caottaIe

102 2415 299 2479 constItuunt,
313 2415 452 2471 materiam
464 2416 589 2482 urinam,
600 2416 736 2480 alimenta,
747 2420 774 2472 et
786 2417 977 2480 instrumenta,
987 2421 1015 2472 et
1026 2415 1117 2482 arguit
1128 2429 1163 2471 ex
1171 2428 1205 2472 eo

101 2497 191 2566 duod
203 2497 250 2554 illa
262 2498 419 2555 nullatenus
427 2502 511 2554 active
519 2499 551 2554 ad
563 2500 773 2565 productionem
784 2503 958 2556 concurrant.
967 2501 1132 2554 —Attamen
1143 2510 1205 2552 oen·

100 2596 209 2637 semus
229 2581 315 2638 multa
332 2595 402 2648 uuae
423 2581 460 2637 ibi
478 2583 655 2638 eontinentur
673 2583 761 2639 activo
781 2581 976 2648 aliquomodo
995 2581 1205 2646 oroductionem

105 2677 179 2719 vere
197 2676 318 2718 causare.
333 2662 424 2728 Quoad
444 2664 584 2719 materiam
603 2665 728 2729 urinam,
741 2679 766 2719 v.
780 2679 818 2730 g„
832 2665 891 2730 ipse
905 2666 1001 2719 auctor
1014 2666 1089 2719 notat
1103 2681 1109 2716 :
1123 2679 1140 2710 α
1151 2674 1206 2728 oue

106 2745 168 2802 I’on
181 2745 328 2811 n’iuvooue
340 2759 388 2811 nas
399 2745 439 2800 les
451 2743 568 2812 coelites
580 2746 679 2801 actives
692 2745 739 2811 oui
751 2758 781 2801 se
793 2751 922 2802 trouvent
933 2745 1001 2800 dans
1013 2745 1036 2801 Ia
1053 2742 1166 2800 matiere
1177 2746 1205 2799 et
1224 2773 1227 2777 .

100 2827 160 2894 oui
174 2826 269 2882 aident
280 2827 295 2884 'a
307 2827 332 2882 ia
344 2827 509 2894 oroduction
520 2827 624 2884 directe
636 2827 671 2884 de
682 2827 775 2892 t'eiiet;
785 2828 1129 2894 eereesuuaIItesentrent
1137 2826 1205 2882 daus

106 2910 135 2966 Ie
145 2909 266 2966 nombre
277 2909 326 2966 des
336 2913 431 2977 agents
443 2911 574 2974 naturels,
583 2917 620 2973 et,
632 2925 697 2967 sous
709 2915 752 2967 oet
763 2914 865 2976 asoect,
876 2913 983 2967 sorteut
994 2910 1032 2967 du
1044 2915 1161 2976 consent
1170 2908 1205 2965 de

105 2990 262 3048 matidrc».
276 2993 376 3048 Verum
395 2995 468 3058 oetet
485 2993 522 3048 ita
540 2993 728 3059 quaestionem
747 2991 841 3048 reduci
859 2992 892 3048 od
911 2993 1035 3057 verbum,
1052 2992 1157 3048 scilieet
1175 2991 1203 3046 iu

105 3075 228 3130 materia
252 3075 338 3140 urimo
360 3073 552 3141 distInguenda
575 3079 647 3130 essct
668 3089 729 3140 oars
749 3075 845 3137 activa,
866 3088 937 3142 uuae
958 3075 986 3128 in
1008 3081 1108 3128 nutura
1130 3076 1203 3130 esset

105 3155 250 3224 ponenda,
264 3160 291 3213 et
309 3156 414 3223 relicua
432 3171 502 3224 uuae
520 3158 548 3212 in
566 3160 691 3222 eundum
710 3157 833 3223 insuoer.
851 3171 963 3224 quaeso,
983 3159 1109 3224 uuisnam
1126 3156 1203 3212 vator

99 3239 170 3295 sive
182 3253 253 3294 usus
268 3239 326 3295 sive
337 3239 559 3296 commutationis
571 3239 636 3296 hqu
649 3240 770 3307 reliquae
782 3240 862 3307 parti,
875 3240 959 3296 altera
972 3241 1100 3307 seposita,
1113 3239 1204 3296 adhuc

106 3321 205 3378 inesse
226 3324 337 3387 nosset?
355 3349 388 3360 -
407 3322 484 3387 Quod
508 3323 608 3379 iterum
631 3322 775 3378 coufirmat
797 3321 910 3379 modum
934 3326 1060 3380 nostrum
1083 3320 1203 3390 ponendi

98 3403 313 3470 uuaestionem,
333 3417 389 3471 uuo
406 3404 521 3471 mottaie
538 3404 711 3460 nominamus
728 3404 803 3472 cuod
822 3405 904 3462 oiioui
923 3419 1032 3460 exsere
1051 3405 1203 3462 auctarium

103 3485 212 3542 afferre
224 3489 314 3550 ootest
327 3503 334 3540 :
347 3486 433 3552 etuui,
447 3485 501 3542 huc
513 3499 569 3540 non
581 3485 664 3542 reiert
676 3490 771 3542 utrum
783 3500 828 3542 res
838 3487 929 3553 aiiuua
941 3487 974 3543 ad
993 3486 1203 3554 productionem

97 3567 201 3626 activo
217 3571 372 3633 concurrat,
386 3582 485 3634 necne;
503 3581 537 3624 ex
549 3569 589 3624 eis
606 3569 679 3624 enim
697 3582 767 3635 uuae
786 3567 832 3624 hic
850 3569 1006 3630 traduntur.
1025 3570 1099 3634 patet
1117 3567 1203 3623 multa

102 3653 201 3709 active
216 3665 382 3708 concurrere
399 3665 469 3718 uuae
487 3655 578 3707 tamen
596 3652 702 3708 nullum
720 3652 824 3719 iustum
843 3654 995 3708 auctarium
1013 3666 1047 3708 ex
1064 3665 1124 3707 sese
1141 3665 1203 3717 oro

104 3732 231 3798 ducunt,
243 3737 271 3790 et
281 3733 412 3798 vicissim,
425 3733 510 3789 multo
522 3733 626 3800 justum
638 3732 789 3789 auctarium
801 3733 899 3790 afferre
909 3747 980 3799 uuae
995 3737 1085 3789 tamen
1096 3732 1130 3788 ad
1142 3746 1203 3799 oro

97 3817 273 3874 ductionem
285 3831 341 3873 non
353 3818 532 3872 concurrunt.

139 3900 180 3965 (2)
198 3899 272 3964 Quae
290 3899 335 3956 hic
353 3899 481 3965 nouimus
497 3898 667 3956 reducuntur
678 3898 787 3954 taudem
799 3898 834 3954 ud
847 3898 1055 3954 haecconcinue
1065 3911 1080 3952 a
1090 3898 1117 3952 S.
1132 3897 1202 3953 Tho·

104 3997 154 4038 ma
167 3980 242 4038 dicta
256 4000 263 4036 :
276 3980 346 4038 «sed
359 3982 388 4036 in
400 3981 455 4037 illis
467 3981 549 4038 rebus
561 3995 677 4048 suarum
689 3985 807 4038 ususest
816 3981 1001 4047 consumptio,
1012 3993 1067 4035 non
1076 3983 1117 4035 est
1126 3978 1201 4036 aIIud

104 4078 182 4122 usus
194 4063 235 4120 rei
247 4077 329 4130 uuam
342 4064 399 4134 insa
412 4077 469 4128 res;
483 4063 556 4120 unde
567 4064 732 4129 cuicumuue
740 4062 901 4118 conceditur
910 4077 977 4118 usus
989 4061 1085 4117 talium
1097 4075 1200 4126 rerum,

96 4145 275 4205 conceditur
286 4146 368 4203 ctiam
379 4151 407 4202 et
419 4146 541 4213 iosarum
553 4159 646 4202 rerum
658 4145 821 4208 dominium,
830 4149 859 4201 et
870 4157 1043 4202 econverso»
1052 4145 1103 4207 (De
1115 4145 1200 4210 Moto,

97 4247 135 4299 q.
150 4231 221 4295 XIII,
234 4243 259 4285 a.
271 4229 297 4294 t,
310 4229 355 4291 e).
