3242 4959
392 404 433 469 80
841 423 912 469 runs
934 422 1031 468 emon.

393 586 545 652 tendebat.
576 589 652 652 Cum
676 595 778 650 antem
800 595 872 651 tunc
896 588 1052 668 imprimis
1077 588 1236 651 interesset
1258 594 1360 650 utrum
1385 602 1500 650 necne

393 684 494 749 foenns
505 687 643 767 practice
657 687 755 766 accipi
771 687 879 766 possit,
893 702 955 749 non
970 686 1084 748 mirum
1099 685 1177 750 duos
1192 685 1329 765 insignes
1344 693 1500 749 auctores

392 791 427 849 ut
439 786 581 864 geminos
595 786 674 848 vitae
690 785 895 848 oeconomicae
910 793 1152 864 propugnatores
1167 799 1234 848 esse
1248 784 1380 848 habitos.

434 884 572 946 Eandem
598 900 691 963 quarn
716 883 885 946 Mastroiini
914 883 1095 946 sententiam
1124 899 1194 946 mox
1224 883 1327 963 plures
1355 891 1420 946 tum
1450 883 1497 945 in

392 983 482 1046 ltalia
499 993 564 1046 tum
590 983 623 1045 in
644 984 755 1058 Gallia,
779 985 868 1047 novis
889 1001 961 1048 sane
983 985 1091 1048 conlisi
1106 984 1247 1060 decretis,
1265 984 1495 1062 defenderunt5.

394 1098 486 1162 quam
501 1084 540 1146 ab
555 1084 650 1146 altera
666 1092 751 1164 parte
767 1100 828 1146 non
844 1085 935 1164 pauci
951 1085 1145 1148 vehementer
1159 1093 1231 1148 sunt
1245 1084 1381 1164 aggressi
1394 1085 1439 1161 (r).

436 1183 469 1244 9⁰
491 1184 633 1262 insuper,
666 1183 773 1246 eodem
801 1193 937 1264 tempore
967 1183 1174 1261 (loeo-1840),
1206 1185 1238 1246 in
1267 1183 1367 1247 Gallia
1395 1199 1493 1262 prae·
1594 1237 1595 1252 ,

395 1282 512 1358 sertim,
529 1283 662 1345 multum
678 1283 791 1346 directe
806 1282 844 1346 de
860 1299 951 1345 sensu
967 1299 1002 1346 aa
1018 1283 1118 1346 valore
1131 1283 1365 1362 responsionum
1381 1299 1491 1345 roma-

394 1397 504 1444 namm
526 1381 754 1462 disceptabatur
775 1385 822 1460 (a).
847 1383 954 1445 Varias
979 1381 1243 1462 interpretationes
1266 1383 1324 1445 troc
1349 1391 1496 1461 tempore

393 1480 579 1560 propositas,
605 1480 804 1560 sequentibus
828 1481 928 1543 verbis
952 1480 1099 1544 concinne
1121 1479 1241 1543 exhibet
1262 1495 1389 1542 coaevus
1411 1480 1490 1542 Car-

394 1576 472 1641 riere
496 1595 503 1641 :
530 1577 694 1652 «Quidam
716 1579 885 1642 docuerunt
905 1586 957 1641 out
977 1579 1084 1642 docere
1106 1579 1164 1640 visi
1186 1587 1258 1641 sunt
1278 1594 1347 1642 eum
1368 1579 1408 1640 iis
1424 1577 1496 1654 (de-

394 1678 495 1754 cretis)
508 1677 572 1755 jam
587 1694 649 1741 non
665 1687 746 1742 stare
761 1695 851 1758 posse
873 1679 1043 1758 antiquam,
1065 1695 1129 1754 seu,
1155 1686 1327 1748 ut‘rocant.
1351 1677 1490 1758 rigidam

393 1997 396 2001 ,
428 1933 463 1995 (1)
480 1933 578 1988 Contra
593 1948 664 1999 opus
679 1935 847 1989 iiasrnorrru
864 1933 1046 2000 prodierunt:
1062 1935 1393 2000 eoeroazloaepartpcte
1403 1949 1489 2000 sopra

395 2016 424 2066 dl
440 2014 485 2067 an’
502 2029 584 2080 opere
601 2018 746 2076 intilolola.
759 2016 800 2069 Le
817 2018 910 2069 Urere.
924 2017 1018 2079 Roma,
1032 2014 1111 2079 roem
1130 2016 1159 2071 L.
1171 2016 1200 2070 B.
1214 2017 1317 2079 Daton,
1331 2016 1425 2070 Letlre
1436 2031 1493 2069 aar

395 2111 447 2150 ane
464 2100 583 2162 motion
601 2097 726 2150 d'llsare.
739 2098 834 2160 Rome,
848 2096 926 2159 1831;
946 2097 1095 2153 Monaedes
1112 2098 1282 2162 Luorannus
1296 2099 1338 2150 La
1352 2098 1491 2152 Giartizia
1600 2089 1604 2170 ἦ

395 2186 440 2236 nel
450 2186 579 2237 contrata·
590 2198 604 2236 e
616 2184 728 2236 l’rraara.
741 2181 864 2246 Modone,
878 2181 957 2247 1831;
974 2183 1085 2236 11111111
1095 2186 1237 2250 ropionalo
1248 2199 1262 2236 e
1273 2185 1368 2236 arilr'm
1379 2185 1411 2235 de
1423 2183 1497 2236 liin*
1600 2231 1601 2258 ᾖ

395 2271 438 2320 lre
449 2281 481 2319 aa
493 2269 519 2321 le
529 2281 620 2327 usare.
634 2265 697 2319 dell’
707 2265 750 2320 al.
764 2267 804 2319 Μ.
819 2266 984 2330 Marlrelini.
998 2269 1033 2318 la
1044 2281 1081 2318 aa
1093 2268 1179 2319 amieo
1190 2267 1262 2319 della
1275 2268 1370 2318 oemio.
1381 2264 1492 2330 Napoti,
1600 2311 1604 2332 ὦ

395 2348 474 2414 1835;
494 2349 634 2412 Moenum,
648 2349 771 2412 Re'ponre
788 2362 824 2400 are
843 2349 912 2400 llere
928 2351 961 2400 ele
973 2348 1012 2401 M.
1026 2348 1495 2412 Masrropotenarale:1>rsaussion
1601 2343 1604 2380 ἶ

395 2445 444 2484 rar
456 2431 565 2484 l'arare.
578 2431 663 2496 Lyon,
678 2428 752 2484 1836.

428 2513 459 2566 In
470 2510 588 2567 eundem
605 2525 636 2566 ac
654 2510 803 2565 iiaslroiini
822 2523 934 2566 sensum
953 2511 1123 2576 seripserunt
1136 2530 1142 2566 :
1156 2511 1271 2575 Crnnrrr,
1292 2513 1496 2564 Dissertazioni.

395 2595 438 2647 sal
450 2601 541 2646 maluo
559 2607 573 2646 e
591 2594 660 2646 salle
678 2607 769 2646 arare.
782 2591 1011 2657 iionlepulciano,
1025 2591 1493 2658 1835;Analpredela1)iserrssron

395 2691 445 2730 aar
457 2677 557 2729 l’arare
568 2690 621 2740 par
632 2675 797 2738 Mastrofini.
809 2677 930 2740 rinneey¹
944 2673 1018 2729 1835.

430 2758 465 2819 (8)
482 2756 520 2813 Gi.
534 2757 671 2816 monna.
685 2755 800 2820 De'lenae
818 2759 852 2809 de
870 2757 898 2808 la
914 2759 1035 2809 doctrine
1052 2759 1085 2809 de
1103 2757 1212 2823 l'Eplise
1229 2757 1377 2821 catholiciae
1394 2771 1446 2810 rer,
1463 2759 1494 2811 le

395 2842 467 2894 Prll
477 2841 575 2906 ljoar,
589 2840 685 2906 venpe'e
702 2842 739 2892 da
756 2840 883 2895 scandale
900 2842 933 2892 de
952 2840 980 2891 la
996 2837 1338 2902 nouveente.i³aris,1836;
1357 2838 1493 2902 Batonem,

330 2923 332 2927 ’
395 2921 552 2984 Re'lrrlalion
564 2923 610 2974 cles
621 2920 776 2983 dlfeneeers
794 2925 831 2974 du-
848 2923 909 2987 pret
926 2923 943 2974 ci
961 2922 1069 2982 interit,
1090 2927 1115 2973 el
1132 2923 1351 2997 explicationem
1363 2922 1496 2984 repenses

397 3008 429 3058 de
439 3006 467 3058 la
475 3005 673 3058 Plnlleneerie.
685 3002 759 3068 Sdez,
770 3003 849 3068 1836;
860 3005 910 3065 ln„
921 3003 1036 3067 Dllease
1045 3005 1078 3057 de
1088 3005 1115 3056 la
1124 3003 1254 3056 brachare
1262 3006 1295 3056 de
1305 3003 1343 3056 M.
1356 3003 1494 3058 Brionne.

398 3086 471 3150 seez,
486 3085 564 3151 183“Ι;
583 3086 679 3146 Brenn,
702 3087 841 3144 Questtons
856 3100 952 3138 aeones
969 3100 1018 3138 rar
1033 3087 1058 3138 le
1076 3087 1136 3148 pret
1147 3087 1165 3138 d
1176 3099 1266 3149 usare,
1281 3087 1318 3138 les
1330 3086 1441 3138 inllrels
1452 3087 1492 3137 da

398 3169 458 3232 pret
470 3174 496 3219 et
508 3169 547 3220 les
558 3167 688 3220 dleisions
699 3169 845 3220 romeiam.
858 3167 1032 3228 Montauban.
1045 3165 1124 3231 1831;
1142 3167 1316 3230 Boumnosa,
1333 3167 1495 3232 Rlslcxronr
1606 3139 1607 3152 ³

398 3265 447 3303 eur
468 3251 496 3302 le
516 3251 637 3302 eeadeite
654 3251 672 3302 d
691 3252 762 3302 tenir
780 3263 815 3302 aa
836 3249 955 3303 tridonal
975 3251 1008 3302 de
1028 3250 1056 3302 la
1075 3249 1211 3314 plne'lenee
1230 3263 1283 3314 par
1303 3254 1415 3314 rapport
1434 3263 1496 3302 anx
1604 3305 1605 3318 2

404 3333 540 3386 Urarierr.
561 3331 646 3393 Paris.
668 3329 747 3397 1837;
768 3331 889 3392 Nouuao,
912 3332 1034 3384 Histoire
1054 3331 1087 3384 le
1108 3333 1136 3384 la
1156 3331 1266 3384 marche
1286 3333 1332 3384 eles
1350 3331 1422 3384 idles
1441 3345 1496 3384 rur

400 3415 518 3479 l’ernplei
537 3417 570 3467 de
589 3415 704 3480 l’arpenl
724 3417 816 3478 depuis
836 3415 956 3466 Aristeia
971 3415 1077 3480 jaspu'd
1098 3429 1172 3470 noae.
1194 3415 1278 3480 Lyon.
1300 3412 1379 3478 18383
1401 3415 1495 3470 Panis

399 3496 443 3554 (ef.
456 3511 540 3564 supra
552 3512 580 3562 p.
592 3496 635 3562 65,
648 3511 676 3552 n.
686 3497 721 3560 l),
736 3499 916 3550 Dissertation
928 3511 977 3549 aar
989 3498 1013 3549 le
1025 3498 1086 3561 pret
1097 3498 1114 3549 le
1125 3497 1233 3559 inle'rlt,
1246 3496 1306 3550 t.11.
1318 3497 1402 3562 tuen,
1414 3495 1489 3552 1838.

400 3579 498 3636 Contra
515 3579 568 3634 hoe
584 3593 655 3645 opus
670 3594 684 3634 a
701 3584 794 3638 vetere
812 3592 912 3635 usurae
928 3577 1093 3639 adversario,
1106 3579 1166 3634 sine
1183 3577 1273 3634 debita
1292 3577 1492 3643 moderatione,

399 3660 1490 3732 conscriptum,episeopusBellicensisediditLitterasinondoriasudoleram...

400 3745 466 3801 Cum
478 3745 571 3799 autem
583 3742 756 3809 responderit
767 3743 867 3804 Panis,
881 3755 965 3808 opere
978 3742 1164 3795 Olrerootroas
1179 3756 1228 3795 ser
1241 3743 1279 3795 les
1290 3743 1448 3795 elroalaires
1458 3744 1493 3794 de

400 3828 478 3894 Mors
497 3828 535 3879 les
553 3827 673 3891 meones
691 3828 727 3879 eu
744 3825 806 3891 Pap
825 3831 851 3878 et
868 3827 900 3877 de
913 3824 1009 3890 Bellep
1020 3824 1115 3890 (Lyom
1130 3821 1211 3885 1839).
1224 3823 1316 3878 Boron
1327 3823 1491 3889 conseripsit

400 3907 517 3970 De'lense
529 3912 561 3962 de
573 3909 681 3974 l'Eplire
692 3910 724 3961 de
734 3910 843 3961 Franee
854 3913 946 3960 aonlre
959 3909 997 3960 les
1009 3913 1129 3973 attenues
1141 3909 1174 3960 cle
1186 3907 1301 3960 l'aatertr
1312 3910 1344 3960 cle
1356 3909 1385 3960 la
1395 3910 1492 3960 doner·
1604 3921 1605 3930 ¹

402 3993 486 4044 tallere
497 4005 546 4043 aar
564 3992 589 4044 le
600 3993 661 4056 pret
678 3993 695 4044 d
715 3991 814 4043 inle'rll
825 3990 917 4054 (Paris,
932 3988 1015 4053 1839),
1029 3993 1057 4044 et
1068 4004 1133 4046 mox
1144 3989 1239 4043 Lellre
1250 3993 1283 4042 ele
1294 3988 1409 4043 l’aalear
1419 3991 1453 4042 cle
1464 3992 1491 4044 la
1548 4025 1552 4034 ,

401 4071 518 4134 De'lense
535 4075 568 4126 de
586 4073 694 4140 l’Eplire
711 4079 803 4126 contre
821 4073 862 4128 M.
875 4073 964 4139 Paper
975 4075 992 4126 lr
1004 4088 1041 4125 aa
1059 4073 1204 4138 theologiae
1215 4075 1248 4125 de
1259 4074 1392 4137 province.
1405 4072 1490 4138 Paris,

403 4152 478 4210 1839.
490 4154 523 4210 Ε1
534 4156 571 4209 ita
583 4154 718 4211 discussio
731 4154 765 4209 ad
778 4153 847 4211 laeta
859 4154 1010 4221 personalia
1023 4169 1087 4210 mox
1099 4153 1253 4211 declinavit.
