3242 4959
386 398 431 463 78
836 418 909 463 nxns
927 417 1024 465 amon.

385 589 418 645 et
446 597 501 661 per
529 581 628 661 prima
654 581 800 645 decennia
827 580 940 645 saeculi
965 582 1039 645 xlx
1063 596 1133 645 cum
1159 597 1236 645 novo
1268 582 1371 646 curiae
1399 582 1486 663 stylo

389 680 597 755 conternntur,
625 680 721 744 mirac
747 680 946 756 differentiae,
974 679 1135 761 primoque
1156 680 1269 745 intuitu
1294 681 1482 758 immensae,

383 780 494 844 oculos
509 779 633 843 feriunt.
648 779 707 842 Sed
722 795 793 842 cum
807 786 946 842 accurate
960 778 999 842 ad
1014 779 1145 843 invicem
1160 790 1386 860 componuntur
1400 797 1486 861 quae

388 894 482 957 supra
511 876 672 941 statuenda
701 876 766 940 visa
794 885 876 950 sunt,
904 885 933 939 et
961 892 1039 957 qnae
1067 876 1118 940 bic
1142 886 1298 957 comperta
1322 877 1482 955 videntur,

384 977 493 1042 omnia
508 976 546 1040 ad
562 976 720 1055 sequentia
735 986 850 1055 puncta
864 976 1023 1041 commode
1037 976 1176 1042 contrahi
1190 994 1351 1041 censemus
1367 994 1376 1041 ε

431 1076 464 1139 l⁰
483 1073 658 1139 Auctoritas
683 1074 900 1150 ecclesiastica,
925 1091 980 1154 per
1009 1077 1165 1140 saeculum
1189 1076 1286 1139 xvlll
1313 1091 1411 1156 nsque
1438 1074 1485 1138 ad

390 1192 505 1239 annum
520 1176 611 1247 1830,
625 1174 785 1255 principio
803 1174 872 1255 ipsa
886 1174 925 1237 de
939 1183 1045 1239 mutuo
1060 1184 1089 1239 et
1104 1192 1196 1240 usura
1212 1176 1364 1240 inculcare
1379 1176 1486 1239 inten-

383 1273 495 1348 debat;
512 1282 541 1337 et
556 1281 672 1348 contra,
690 1282 805 1353 postea,
821 1272 858 1335 de
874 1272 951 1353 ipsis
966 1273 1129 1355 principiis
1140 1273 1204 1351 jam
1217 1273 1329 1337 directe
1341 1289 1483 1354 pronun-

387 1372 465 1435 tiare
479 1372 648 1435 recusabat..

430 1471 463 1533 2⁰
483 1471 593 1543 Antea,
611 1469 724 1533 directe
740 1469 777 1533 de
788 1470 887 1551 proci
901 1470 1036 1550 generali
1050 1472 1097 1534 vel
1113 1471 1290 1551 particulari
1309 1470 1483 1550 diiudicare

386 1568 527 1644 nolebat;
551 1574 667 1647 postca,
692 1566 805 1630 directe
831 1567 955 1631 nonnisi
979 1566 1017 1630 de
1043 1568 1129 1648 praxi
1154 1568 1290 1649 generali
1316 1567 1483 1631 decernere

388 1666 519 1729 volebat.

431 1765 464 1827 3⁰
484 1765 593 1838 Antea,
608 1762 832 1844 principiorum
844 1765 1047 1845 explicatione
1061 1774 1090 1829 et
1104 1766 1309 1847 applicatione
1320 1766 1359 1830 ad
1371 1782 1483 1847 quam-

385 1862 461 1926 dam
484 1861 603 1925 videtur
623 1861 765 1925 inclinari
788 1863 992 1939 severitatem,
1015 1865 1065 1927 vix
1087 1881 1148 1929 non
1171 1866 1276 1928 innixa
1297 1881 1480 1946 praesump-

372 1980 373 1983 ’
390 1961 467 2024 tioni
481 1961 580 2039 foetae
594 1976 726 2035 usaroe;
749 1969 865 2040 postea,
883 1961 910 2023 si
925 1960 1031 2025 eadem
1046 1962 1198 2043 principia
1213 1980 1250 2027 ac
1266 1971 1366 2038 antea,
1388 1970 1483 2043 prout

389 2060 550 2135 sentimus,
568 2060 653 2139 praxi
672 2060 873 2139 supponenda
892 2069 974 2136 sunt,
992 2068 1094 2125 tamen
1115 2062 1199 2143 large
1213 2062 1358 2142 applicat,
1375 2062 1483 2142 potius

390 2159 496 2221 innixa
510 2158 751 2239 praesumptioni
767 2176 829 2221 ooo
844 2160 943 2238 factae
960 2176 1084 2223 maroc.

430 2260 465 2323 4⁰
484 2258 571 2323 Unde
590 2267 690 2332 antea,
707 2259 877 2339 generatim
902 2260 1005 2339 praxis
1023 2276 1157 2340 ususque
1178 2260 1288 2323 morali
1310 2259 1483 2340 peritorum

382 2356 502 2436 judicio
518 2357 800 2433 committebantur;
819 2365 924 2437 postea
939 2373 1021 2432 vero,
1037 2357 1124 2437 praxi
1140 2358 1304 2421 universali
1321 2358 1386 2436 jam
1405 2374 1483 2421 auc-

388 2456 540 2519 toritative
555 2454 716 2535 permissa,
726 2455 888 2535 principia
903 2456 970 2536 ipsa
985 2456 1165 2531 scientifica,
1179 2456 1290 2536 quibus
1305 2456 1409 2546 praxis
1424 2456 1484 2519 illa

385 2554 479 2617 inniti
505 2553 623 2628 debeat,
647 2553 760 2617 liberae
785 2552 944 2618 doctorum
967 2554 1192 2635 investigationi
1217 2571 1253 2618 ac
1278 2554 1483 2635 disputationi

389 2654 501 2717 tradita
516 2652 657 2716 videntur
670 2670 677 2715 :
690 2651 799 2716 saltem
813 2653 842 2715 si
856 2652 977 2716 decreto
991 2653 1107 2716 soeculi
1122 2654 1204 2719 XIX
1215 2671 1234 2715 a
1245 2653 1387 2716 doctrino
1398 2653 1483 2716 mol-

386 2759 492 2817 terom
506 2752 698 2816 soeculorum
712 2758 913 2833 separentur.

431 2853 517 2917 Unde
530 2853 733 2933 perspicimus
745 2854 870 2934 quidem
881 2853 1049 2917 maximam
1062 2853 1268 2918 evolutionem
1280 2854 1313 2916 in
1323 2852 1483 2917 doctrinae

384 2952 604 3031 applicatione,
621 2962 652 3015 at
667 2953 785 3015 nullam
801 2953 1028 3034 oppositionem
1042 2954 1076 3016 in
1091 2952 1229 3025 doctrina
1243 2954 1322 3032 ipsa.

471 3212 484 3285 ᾗ
499 3210 552 3272 lll.
579 3208 794 3271 Controversia
809 3209 967 3271 occasione
981 3208 1172 3272 decretorum
1187 3226 1397 3271 romanorum.

1193 3302 1198 3329 l

433 3428 502 3503 llic,
523 3428 684 3491 historiam
706 3426 929 3491 controversiae
951 3426 1169 3503 describentes,
1184 3427 1291 3489 sistere
1307 3442 1478 3507 possemus.

390 3528 494 3594 Abeo
516 3527 599 3590 enim
623 3534 777 3591 momento
801 3542 861 3607 quo
888 3526 1007 3590 decreta
1029 3529 1126 3591 «Non
1146 3542 1213 3589 esse
1233 3524 1477 3605 inquietandos»

388 3628 505 3708 ubique
518 3626 786 3707 pervulgabantur,
804 3626 978 3690 animorum
996 3641 1068 3690 mox
1086 3625 1303 3705 tranquillitas,
1321 3624 1480 3688 conscien-

391 3728 504 3790 tiarum
519 3723 724 3789 anxietatibus
738 3726 867 3805 pacatis,
884 3726 984 3806 vigere
1006 3724 1130 3805 incepit.
1154 3726 1258 3803 ltaque
1272 3731 1374 3786 votum
1396 3722 1480 3803 epis·

376 3826 458 3905 ,copi
476 3822 654 3887 Bellicensis
669 3822 753 3887 brevi
769 3823 930 3904 impletum
950 3829 1005 3896 est,
1024 3838 1084 3902 quo
1103 3821 1270 3886 considerat
1290 3827 1481 3883 «venturum

376 3931 512 4003 ¹tempus
527 3938 587 4002 qno
603 3922 725 4002 piorum
740 3937 775 3985 ac
789 3921 949 3985 doctorum
968 3920 1225 3985 confessariorum
1245 3919 1330 4001 praxi
1352 3934 1480 3983 consen·

388 4021 468 4083 tient
481 4020 668 4101 speculativa
684 4020 859 4084 docentium
873 4018 1053 4100 principia»
1071 4020 1118 4096 (r).

421 4233 459 4299 (t)
476 4233 513 4291 Gt.
527 4236 649 4290 La'ttercc
661 4237 853 4291 amonitorioe...
866 4235 972 4300 (Mrem,
986 4236 1005 4291 t.
1019 4249 1053 4301 c,
1066 4248 1090 4291 c.
1104 4232 1187 4321 loco).
