3242 4959
414 471 476 537 260
778 489 852 535 rans
866 488 988 535 aurern.
1006 489 1086 535 secr.
1103 490 1136 536 rr.

404 653 409 662 '
455 661 541 723 Patet
561 666 659 723 autem
682 665 780 722 totum
799 657 922 738 pondus
936 659 969 721 in
984 658 1095 746 minori
1110 657 1183 738 poni
1201 657 1319 737 :quam
1340 659 1509 724 continuat

413 757 525 839 triplici
552 765 742 839 argumento,
773 757 863 820 nobis
889 773 971 820 nunc
999 757 1129 821 breviter
1154 757 1368 820 examinando.
1397 757 1506 822 Prima

412 855 500 931 ratio,
520 855 753 935 «metaphysica
768 876 782 910 u
799 863 917 926 vocata,
931 853 1101 918 desumitur
1111 870 1148 918 ex
1159 871 1195 918 eo
1210 854 1292 934 quod
1307 855 1388 919 bona
1402 855 1507 920 diver·-

412 955 529 1020 simode
544 971 576 1018 se
591 954 723 1017 habeant
737 952 775 1016 ad
791 953 926 1016 hominis
940 953 1136 1017 necessitates
1155 968 1211 1033 pro
1232 953 1316 1017 vario
1339 961 1476 1035 tempore
1491 969 1501 1019 t

415 1051 711 1118 «verschiedenheit
735 1050 789 1114 des
809 1051 1034 1114 Verhdttnisses
1055 1067 1113 1114 von
1135 1050 1248 1114 Bedarf
1268 1050 1331 1114 und
1356 1052 1515 1132 Deckung

412 1155 443 1216 in
455 1151 515 1216 den
525 1150 761 1216 verschiedenen
772 1150 990 1213 Zeitriumen»
1005 1152 1050 1227 (t);
1064 1149 1209 1220 secunda,
1222 1150 1512 1231 ‹psychoiogican,

411 1253 443 1316 in
458 1254 516 1317 troc
530 1251 638 1314 nititur
652 1248 731 1314 facto
746 1249 828 1329 quod
844 1250 973 1313 minoris
993 1250 1191 1313 aestimamus
1212 1249 1409 1312 necessitates
1430 1267 1503 1314 nos·
1602 1274 1603 1335 j

412 1361 474 1415 tras
488 1351 606 1414 futuras
621 1356 651 1412 et
665 1350 801 1428 ipsarum
817 1349 963 1422 remedia,
977 1364 1068 1428 qnam
1083 1348 1276 1427 praesentia:
1292 1369 1307 1404 ‹
1323 1347 1380 1409 uir
1392 1354 1509 1411 auten
1602 1356 1603 1421 j

410 1448 553 1513 scidtsen
580 1447 791 1528 systematisch
816 1463 925 1510 unsere
954 1446 1112 1526 krinftigen
1139 1445 1336 1510 Beduirfnisse
1362 1446 1426 1511 und
1451 1447 1513 1512 diae
1602 1440 1603 1533 (

411 1548 518 1622 Mittei,
542 1547 592 1610 die
617 1563 653 1608 ru
676 1545 759 1609 ihrer
783 1544 1003 1624 Beiriedigung
1023 1545 1163 1608 dienen»
1181 1546 1227 1621 (ε);
1251 1543 1374 1607 undem
1395 1545 1508 1620 tertia,

414 1647 628 1720 «toronica»,
652 1645 711 1708 hnc
738 1644 828 1719 redit,
860 1644 942 1723 quod
968 1644 1049 1708 bona
1077 1651 1150 1706 sunt
1179 1643 1279 1706 media
1306 1641 1498 1722 productiva,

411 1745 512 1810 media
532 1751 632 1810 autem
654 1745 825 1826 praesentia
845 1761 914 1808 vere
935 1745 1034 1825 pluris
1049 1744 1151 1807 valent
1164 1757 1257 1823 quam
1273 1741 1376 1806 futura
1393 1759 1402 1805 ε
1422 1765 1439 1800 ι
1452 1760 1514 1824 gem

411 1843 596 1924 genuartige
612 1841 882 1906 Produitivmt'ttei
902 1842 972 1906 sind
993 1843 1080 1906 mehr
1102 1851 1179 1905 wert
1199 1841 1246 1904 ais'
1267 1841 1406 1922 kimitige
1428 1844 1513 1906 Pro·-

413 1940 614 2008 duirtivmittel
630 1967 644 2000 a
662 1946 709 2022 (a).

454 2042 511 2117 Qui
527 2043 606 2104 inter
619 2042 733 2122 peritos
748 2040 820 2105 huic
834 2041 978 2116 theoriae,
995 2055 1108 2120 magna
1122 2040 1292 2104 eruditione
1313 2056 1349 2104 ac
1371 2040 1508 2105 scientie

412 2149 631 2222 propugnatne,
649 2140 841 2215 studuerunt,
855 2139 1023 2220 generatim
1043 2138 1267 2219 responderunt
1287 2147 1456 2211 auctorem,
1474 2139 1509 2203 si.

413 2239 486 2319 quid
506 2240 623 2320 probet,
643 2238 802 2303 ostendere
823 2237 985 2301 liceitatem
1007 2236 1135 2300 foenoris
1156 2254 1192 2301 ex
1213 2236 1334 2301 formati
1357 2238 1510 2316 capitatis¹

412 2338 643 2420 productivitate
654 2337 740 2412 oriri,
750 2335 877 2415 ideoque
885 2336 1038 2400 communi
1050 2336 1319 2399 oeconomistarum
1331 2336 1511 2398 sententiae

413 2437 560 2518 implicite
581 2435 692 2499 favere.
717 2436 848 2510 Verum,
872 2433 954 2514 quod
976 2434 1042 2513 ipse
1063 2441 1168 2497 auctor
1189 2433 1342 2514 reposuit,
1365 2442 1396 2496 et
1417 2434 1501 2514 quod

412 2535 531 2599 duobus
560 2535 714 2615 prioribus
741 2533 913 2596 rationibus
936 2532 1045 2608 elucet,
1072 2540 1203 2611 systema
1233 2532 1331 2612 ipsius
1359 2533 1510 2612 quamvis

407 2634 527 2715 purtim
547 2634 701 2697 communi
724 2631 893 2707 conveniat,
917 2639 947 2694 at
974 2631 1149 2696 nuliatenus
1173 2631 1263 2712 piene
1284 2633 1332 2707 (a).
1358 2633 1507 2711 insuper„

408 2734 494 2812 juxta
508 2725 659 2814 principia
679 2749 697 2794 a
720 2731 809 2795 nohis
829 2730 996 2811 proposita,
1013 2745 1195 2810 responsum
1216 2729 1275 2793 tate
1297 2729 1373 2792 nihii
1393 2730 1507 2794 efficit..

411 2832 489 2907 Quid
505 2832 598 2914 igitur
611 2830 649 2894 de
663 2831 721 2894 hac
735 2831 880 2911 opinione
895 2828 1082 2893 dicendum?

454 2932 488 2994 ln
513 2929 618 2994 eadem
648 2930 798 3010 quaedam
827 2928 906 2992 falsa
935 2928 1148 3008 perspicimus,
1176 2936 1206 2990 et
1230 2928 1322 2991 etiam
1350 2928 1511 2992 nonnuita.

413 3037 493 3094 certa
508 3045 586 3108 quae
600 3036 701 3091 tamen
717 3027 755 3090 ad
771 3027 921 3090 intentum
937 3042 999 3089 non
1014 3025 1142 3090 iaciunt.
1160 3027 1266 3089 Primo
1286 3026 1464 3106 incipiendo
1484 3043 1503 3089 a
1601 3020 1602 3027 ’

412 3129 499 3191 tertia
514 3128 641 3200 ratione,
656 3125 816 3189 manifeste
831 3126 899 3189 heic
912 3132 1017 3189 auctor
1031 3125 1177 3205 supponit
1187 3126 1266 3189 bona
1278 3125 1451 3205 praesentia
1463 3125 1511 3189 de

412 3226 492 3290 facto
513 3226 552 3291 ad
573 3241 676 3289 rerum
697 3225 929 3305 productionem
951 3223 1101 3299 adhiberi,
1124 3231 1154 3286 et
1173 3239 1210 3286 en
1230 3223 1365 3288 auctario
1386 3224 1511 3288 valoris-

412 3339 467 3404 per
490 3323 583 3403 ipsas
598 3322 767 3386 formaliter
789 3321 936 3402 producto
962 3330 1079 3404 partem
1105 3321 1182 3401 ipsis
1202 3321 1316 3399 justam
1341 3321 1498 3386 obvenire.

411 3419 566 3501 Quidquid
594 3421 633 3483 sit
658 3419 695 3483 de
720 3420 910 3484 restrictione
935 3420 1125 3498 quaestionis
1149 3417 1188 3482 ad
1210 3417 1369 3482 formalem
1396 3434 1501 3482 rerum

410 3518 677 3599 productivitatem
700 3518 843 3598 —quod
869 3533 962 3599 supra
987 3519 1181 3598 reprobatum
1206 3524 1253 3582 est
1266 3551 1318 3592 -‚
1335 3525 1418 3598 patet
1440 3517 1502 3581 hoc

410 3626 623 3699 argumentum
639 3615 743 3679 reduci
765 3615 802 3678 ad
826 3616 950 3698 titulum
971 3616 1185 3692 extrinsecum,
1201 3622 1275 3696 puta
1296 3615 1416 3679 lucrum
1436 3631 1510 3678 ces·-

412 3733 495 3793 sans,
513 3715 658 3796 adeoque,
677 3716 735 3779 hoc
750 3716 788 3780 ab
803 3717 946 3780 omnibus
961 3731 1116 3792 concesso,
1134 3731 1196 3780 non
1210 3714 1340 3796 probare
1361 3714 1509 3785 differen-

443 3930 478 3993 (i)
495 3928 534 3985 ot.
547 3930 594 3994 tiu,
607 3943 634 3996 p.
647 3927 766 3984 aot-aot.

442 4004 477 4066 (i)
494 4003 532 4060 Gi.
545 4004 592 4068 to„
605 4017 633 4070 p.
646 4003 766 4059 too-am.

442 4079 477 4142 (3)
494 4078 532 4135 di.
545 4079 590 4142 to,
605 4093 632 4144 p.
645 4078 763 4143 aretae,
777 4077 919 4143 speciatim
931 4091 958 4143 p.
972 4075 1031 4133 986.

441 4152 475 4216 (4)
492 4152 530 4209 Cf.
553 4153 760 4282 Briau-gruona
783 4153 812 4208 in
834 4153 1086 4207 Hondwo'rterduett
1107 4154 1157 4206 der
1180 4146 1503 4214 Stuotawtsscnscdosten,

407 4227 526 4292 v.Ztns,
541 4226 624 4291 V1,p.
654 4227 696 4282 ii.
