3242 4959
343 402 407 447 cnr.
425 403 446 447 r.
464 402 607 447 rmuorrn
621 401 768 448 strennue
783 401 988 448 ouoouomone.
1152 385 1213 448 tit

122 566 276 629 humanus
291 583 352 630 non
367 566 591 630 includeretur?
606 567 692 632 Unde
708 566 809 647 potius
825 567 897 630 iilos
912 576 1052 632 auctores
1067 568 1213 636 recentio-

122 680 171 726 res
187 665 455 746 inconsequentiae
473 682 680 746 argueremus,
698 668 761 746 qui,
779 667 940 730 essentiam
963 666 1095 746 ejusdem
1116 673 1213 746 syste-

122 763 216 826 matis
236 764 327 846 piene
351 764 556 840 admittentes,
581 765 736 828 hominem
762 773 864 828 tamen
887 781 957 828 eum
983 765 1212 844 operationibus

122 863 187 925 suis
203 864 325 943 capitali
342 865 472 945 supponi
489 865 608 928 nolunt.

165 962 254 1025 Hisne
270 963 390 1042 positis,
404 964 468 1042 jam
484 963 560 1026 iliud
576 964 723 1044 sequitur,
740 964 822 1044 quod
838 980 926 1027 suum
942 964 1041 1028 eidem
1057 965 1211 1044 systemati

123 1062 212 1141 quasi
239 1072 421 1126 caracterem
447 1063 608 1144 imprimit.
632 1064 707 1126 Cum
731 1063 860 1142 pecunia
886 1063 976 1126 aiiiro
1003 1064 1083 1127 tituli
1109 1065 1213 1128 omnia

123 1161 203 1223 hona
225 1161 349 1240 aeqaaii
367 1179 499 1242 prorsas
523 1161 612 1225 modo
634 1168 860 1242 repraesentent
881 1165 927 1240 (r),
956 1163 1155 1242 producentia
1180 1180 1213 1226 se

123 1259 237 1323 habent
252 1260 290 1322 ad
306 1276 419 1323 novum
438 1260 618 1341 productum
640 1260 896 1340 quemadmodum
918 1263 1046 1342 pecunia
1069 1279 1101 1325 se
1123 1262 1214 1326 hahet

124 1357 162 1421 ad
181 1359 343 1438 pecuniam
368 1375 437 1422 cum
459 1360 604 1433 auctario,
622 1376 676 1422 seu
698 1359 834 1422 vicissim
857 1361 986 1439 pecunia
1005 1377 1037 1423 se
1063 1361 1154 1424 hahet
1175 1361 1213 1423 ad

123 1458 285 1538 pecuniam
311 1459 457 1522 creditam
478 1466 547 1538 post
572 1459 718 1539 temporis
740 1459 860 1539 lapsum
883 1473 1001 1524 auctam
1028 1460 1156 1536 foenore,
1179 1469 1213 1525 ut

125 1557 246 1636 agentia
261 1565 330 1620 ante
345 1558 576 1637 productionem
592 1575 625 1621 se
640 1557 752 1622 habeut
770 1558 809 1621 ad
832 1574 897 1622 rem
918 1559 1106 1639 productam.
1125 1559 1212 1634 Quod

127 1655 206 1718 idem
222 1657 336 1719 clarius
350 1657 494 1738 graphice
509 1658 582 1737 poni
598 1666 700 1736 posset
717 1675 724 1720 ε
740 1657 942 1738 significando
956 1660 1128 1739 pecuniam,
1143 1676 1212 1722 cum

126 1755 269 1830 creditur,
286 1757 374 1836 signo
397 1759 431 1825 P.
449 1765 479 1819 et
501 1757 659 1835 pecuniam
680 1767 799 1821 aucum
822 1756 949 1832 ioeuore,
971 1774 1040 1821 oum
1064 1758 1210 1829 redditur.

127 1857 240 1936 P†p;
259 1857 331 1919 item
346 1857 547 1936 significando
570 1857 714 1930 valorem,
736 1865 899 1937 antequam
922 1857 959 1920 ad
983 1857 1214 1937 productionem

126 1955 297 2025 adhibetur,
312 1955 443 2035 signer,
458 1963 488 2017 et
498 1955 631 2018 valorem
643 1955 841 2035 productione
853 1957 989 2036 genitum
1003 1957 1091 2038 signo
1104 1959 1171 2030 Vt
1183 1975 1211 2034 v,

125 2052 259 2116 notanda
274 2062 320 2116 est
334 2070 464 2132 sequens
479 2053 618 2133 aequatio
634 2070 641 2115 ε
655 2054 770 2129 V=P‚
784 2054 858 2116 item
869 2071 972 2134 v--p,
988 2056 1213 2135 ergoV†r⁷=

126 2151 232 2232 P†p;
246 2153 331 2214 seuV
342 2153 514 2230 :V†v=P
525 2169 532 2214 :
543 2154 644 2232 Pip.
655 2153 699 2214 lta
711 2162 818 2233 sponte
831 2163 956 2232 apparet
970 2153 1171 2232 legitimitasf
1200 2187 1214 2199 ·

104 2288 107 2294 -
126 2250 209 2312 noris
224 2267 261 2312 ex
275 2251 404 2329 pecunia
419 2251 532 2314 credita
546 2268 553 2313 :
568 2250 670 2314 ioenus
685 2251 766 2314 enim
779 2251 943 2331 respondet
954 2253 1088 2314 auctario
1102 2253 1215 2315 vaioris

127 2348 206 2428 quod
223 2349 255 2411 in
279 2351 362 2412 omni
384 2366 484 2412 rerum
505 2349 702 2430 productione
722 2350 859 2412 efficitur.
880 2351 923 2412 ita
943 2350 1068 2429 insuper
1090 2359 1216 2431 apparet

128 2447 278 2527 quomodo
294 2453 468 2510 contractus
482 2448 603 2524 crediti,
618 2449 669 2529 qui
685 2449 829 2529 graphice
845 2449 1027 2512 describitur
1040 2451 1063 2512 P
1078 2466 1085 2512 :
1101 2452 1213 2531 P†p,

128 2547 224 2626 possit
238 2556 464 2626 repraesentare
479 2547 644 2611 hodiedum
660 2549 818 2611 universos
833 2555 1006 2611 contractus
1023 2549 1133 2628 quibus
1153 2550 1215 2612 vita

127 2649 240 2711 nitatur
264 2649 463 2723 oeconomica,
491 2649 552 2711 imo
579 2659 805 2729 repraesentare
832 2648 1076 2729 ipsaprincipia
1104 2649 1216 2729 quihus

127 2758 248 2828 regatur
262 2764 364 2811 rerum
379 2749 538 2828 productio
555 2751 600 2824 (a).

169 2847 203 2908 in
218 2847 276 2909 hoo
290 2863 362 2926 ergo
378 2847 512 2926 praeciso
528 2847 667 2909 consistit
681 2845 771 2924 hujus
794 2846 927 2909 theoriae
948 2855 1017 2908 nota
1039 2846 1215 2910 caracteris·

129 2945 197 3020 tica,
216 2944 297 3024 quod
316 2945 456 3008 admittat
475 2962 578 3006 reram
596 2944 800 3025 productione
824 2961 1016 3024 quaerentque
1039 2945 1216 3007 auctarium

128 3043 240 3106 valoris
256 3042 389 3106 adhibiti
399 3043 545 3124 produci,
559 3049 587 3105 et
602 3041 669 3104 ideo
682 3060 729 3104 res
745 3043 905 3105 uniuersos
918 3041 1110 3122 aequivalere
1120 3058 1215 3122 peeo-

159 3322 193 3384 (i)
210 3322 334 3377 Diximus
345 3337 436 3387 supra,
450 3325 478 3377 et
489 3324 582 3387 postea
593 3321 716 3379 dicemus
729 3323 843 3389 pecunia
856 3321 1000 3388 titulisque
1011 3320 1108 3377 crediti
1124 3319 1217 3376 omnia

128 3402 198 3459 bona
222 3407 438 3469 repraesentem
462 3407 631 3459 nontamen
655 3403 801 3460 dicendum
825 3406 866 3459 est
889 3405 997 3468 aequati
1022 3405 1112 3467 niodo,
1138 3401 1217 3468 quasi

128 3484 238 3550 regulae
249 3485 351 3551 quihus
362 3486 486 3540 omnium
496 3485 574 3540 valor
584 3487 716 3542 statuitur
727 3477 818 3541 esseut
830 3484 951 3541 eaedem.

160 3568 193 3630 (i)
211 3568 241 3622 u.
262 3568 404 3632 Savium,
425 3567 511 3624 nitide
529 3568 602 3624 idem
620 3569 698 3636 ponit
718 3587 725 3623 :
745 3569 794 3624 «le
812 3567 909 3635 capital
930 3566 1093 3622 moderno...
1108 3563 1219 3620 ramdne

128 3651 205 3705 toute
225 3649 346 3706 richesse
365 3650 381 3705 a
401 3650 513 3716 i'argent
533 3655 561 3706 et
580 3665 615 3705 au
636 3663 737 3706 revenu
758 3650 792 3706 de
813 3649 934 3716 l'argeut.
956 3649 1078 3714 L‘argent
1099 3648 1138 3702 lui
1161 3650 1219 3702 sert

128 3731 313 3798 d’enpresston
330 3730 345 3787 'a
363 3731 513 3796 lui-meme,
527 3737 555 3788 et
574 3732 600 3788 le
619 3746 718 3788 revenu
737 3732 772 3788 de
790 3731 903 3798 l'argent
922 3735 978 3786 sert
996 3730 1030 3786 de
1049 3732 1113 3797 type
1130 3728 1145 3784 d
1165 3743 1217 3784 son

129 3827 262 3871 revenu...
272 3815 308 3869 Le
319 3814 417 3881 capital
429 3815 497 3870 n'est
508 3829 557 3880 pas
568 3814 689 3880 l'argent.
700 3815 734 3868 La
748 3813 855 3870 theorie
867 3812 999 3869 moderno
1011 3811 1119 3878 signifie
1131 3810 1219 3867 seule-

130 3901 202 3954 ment
213 3912 268 3964 que
280 3897 306 3954 le
316 3898 413 3964 capital
435 3897 580 3964 s’exprime
597 3912 632 3954 en
650 3897 771 3954 fonction
790 3898 825 3954 de
844 3898 957 3964 l’argent
969 3901 996 3953 ct
1008 3896 1042 3951 de
1054 3893 1171 3951 i'interet
1183 3894 1219 3950 de

130 3979 249 4047 l’argent,
263 3994 310 4043 ou,
329 3993 364 4035 en
383 3980 501 4035 d’autres
518 3983 628 4044 termes,
643 3994 691 4045 par
709 3979 733 4034 ia
751 3979 854 4036 douhle
872 3979 996 4034 notation
1014 3992 1049 4034 cn
1065 3980 1161 4044 argent
1179 3976 1217 4033 du

131 4063 225 4128 capital
243 4061 300 4117 noel
318 4064 347 4117 et
364 4061 401 4118 du
421 4075 521 4117 revenu
540 4061 575 4118 de
592 4076 624 4118 oe
642 4061 774 4127 capital.»
793 4061 842 4128 (of.
857 4063 898 4116 La
917 4062 1019 4114 ihe'orie
1038 4062 1164 4114 moderno
1182 4062 1220 4112 aa

132 4146 226 4210 contai
238 4151 264 4198 et
277 4147 305 4199 ta
315 4146 417 4212 irretire,
431 4159 458 4212 p.
472 4144 504 4200 34
516 4159 550 4210 s,
563 4144 626 4201 coll.
640 4143 690 4208 ro).
