3242 4959
413 427 477 494 Μ
777 449 850 494 rans
863 449 985 494 mma.
1002 449 1082 495 sacr.
1098 450 1159 493 n.-

413 607 573 691 pmdimn
587 623 668 672 anno
682 610 822 690 sequenti
836 610 947 674 iterum
958 609 999 674 ab
1009 620 1147 690 emptom
1156 611 1304 675 vendatur
1317 627 1389 675 enm
1403 611 1515 674 simili·

412 706 596 772 facultate.»
619 707 778 782 Quomodo
799 707 893 788 igitur
905 708 1041 771 admittit
1052 707 1154 788 quoad
1169 725 1290 790 agrum,
1307 709 1391 790 quod
1405 705 1511 790 negat

413 804 514 887 quoad
528 805 712 886 pecuniam?
725 829 739 862 r
750 807 813 870 Nee
823 806 926 868 simile
936 816 983 868 est
992 806 1178 870 inomnibus
1188 809 1363 888 exemplum
1375 807 1457 871 iliud
1469 802 1515 870 in'

413 903 600 970 mntrarium
614 902 779 967 adductum
793 902 832 966 de
846 903 973 968 domiuo
986 905 1053 984 agri
1064 904 1220 985 obligante
1234 921 1268 969 se
1278 905 1318 968 ad
1332 905 1425 969 illum
1439 921 1503 968 non

413 1003 577 1069 odiendum
590 1004 649 1066 boo
663 1003 799 1078 biennio,
817 1019 873 1083 pro
887 1020 948 1083 qua
962 1004 1148 1084 obligatione
1161 1013 1262 1085 potest
1275 1007 1409 1085 pretium
1424 1005 1503 1070 aoei-

413 1117 497 1186 pere,
513 1103 634 1166 etiamsi
650 1103 687 1166 de
701 1103 782 1166 tanto
797 1118 860 1166 nou
873 1104 999 1167 baberet
1012 1105 1253 1168 animamillam
1267 1105 1411 1169 uolendi:
1429 1107 1516 1187 quiax

414 1207 486 1266 tune
500 1215 556 1282 pro
571 1200 625 1263 ilia
640 1199 827 1282 obligatione
838 1218 916 1281 quae
931 1205 1028 1281 pretio
1042 1204 1245 1266 aestimabitis
1257 1211 1377 1267 estnon
1388 1205 1505 1285 oedpit

414 1299 557 1364 dominata
571 1299 709 1381 aliquam
722 1300 819 1363 ullam
829 1299 1055 1380 obligationem,
1069 1302 1116 1365 ret
1132 1301 1249 1382 aliquid
1263 1302 1349 1366 atiud
1362 1302 1503 1382 ejusdem

413 1397 526 1461 valoris
541 1397 581 1462 ab
596 1398 662 1471 illo,
680 1399 713 1460 in
727 1398 816 1478 euius
832 1399 963 1479 gratiam
977 1415 1011 1462 se
1031 1399 1189 1480 obligarit,
1205 1417 1266 1480 quo
1286 1410 1506 1482 compensetur

414 1495 469 1560 illa
490 1497 574 1577 prior
588 1496 734 1577 obligatio
750 1513 758 1560 :
776 1497 808 1560 in
824 1507 929 1560 mutuo
952 1506 1054 1561 autem
1068 1499 1123 1561 itta
1143 1498 1289 1580 obligatio
1311 1515 1374 1563 non
1395 1500 1504 1564 utendi

413 1597 543 1677 pecunia
558 1611 613 1659 sua
628 1597 686 1660 hoo
699 1612 791 1666 anno,
809 1597 880 1660 iicet
894 1596 1044 1660 fateamur
1057 1613 1125 1662 esse
1144 1599 1241 1678 pretio
1262 1599 1502 1677 aestimabilem,

412 1703 627 1775 oompensatur
640 1702 742 1758 tamen
757 1695 794 1758 ad
810 1695 1025 1776 aequalitatem
1039 1697 1162 1776 qnando
1183 1699 1387 1761 mutuatarius
1402 1699 1504 1762 reddit

413 1792 506 1856 aliam
521 1792 682 1872 pecuniam
698 1793 830 1856 similem
846 1809 915 1857 eum
937 1793 1081 1858 laenitate
1094 1795 1199 1858 utendi
1223 1796 1256 1857 in
1276 1805 1461 1876 perpetuum
1476 1805 1507 1860 et

413 1907 482 1954 eum
503 1889 687 1971 obligatione
706 1891 803 1954 simili
824 1909 864 1954 eu
880 1901 973 1973 porte
992 1894 1191 1967 mutuatorii,
1208 1893 1249 1956 od
1268 1895 1506 1958 moerendum

409 1996 517 2072 posteo
528 1990 663 2071 peronio
678 1990 744 2064 illo,
762 2008 841 2071 qnae
854 1992 1002 2071 obligatio
1017 1993 1188 2072 aequivalet
1202 1993 1249 2056 ilii
1271 1993 1366 2073 priori
1381 1993 1504 2074 obliga-

413 2089 501 2162 tioni,
518 2105 609 2170 quam
624 2098 769 2153 mutuans
783 2090 897 2169 ineius
911 2091 1041 2171 gratiam
1057 2091 1208 2167 subierat,
1217 2092 1288 2155 lieet
1297 2092 1398 2172 posita
1409 2091 1507 2155 inerit

413 2203 493 2252 anno
509 2189 646 2269 sequenti
663 2212 677 2246 »
695 2191 741 2266 (tl.

453 2289 493 2352 At
507 2289 542 2351 P.
561 2287 705 2352 Ballerini
722 2290 768 2365 (el,
782 2288 835 2367 qui
851 2296 1065 2368 argumentum
1076 2287 1165 2352 card.
1180 2288 1217 2352 de
1230 2291 1315 2369 Lttgo
1326 2305 1381 2369 per
1394 2289 1507 2372 longas

412 2385 506 2468 agitat
528 2386 667 2468 paginas,
692 2387 794 2466 etqui
816 2403 887 2450 oum
907 2387 1013 2450 eodem
1039 2388 1258 2468 praesupponit
1281 2388 1505 2469 obligationem

413 2501 471 2566 qua
487 2495 631 2549 mutuans
646 2501 678 2548 se
693 2486 791 2565 privat
805 2486 936 2566 pecunia
950 2487 1054 2550 utendi
1070 2503 1137 2550 esse
1151 2487 1248 2566 pretio
1264 2487 1502 2566 aestimabilem,

412 2583 520 2648 merito
536 2583 666 2662 reponit,
683 2583 763 2646 inter
776 2582 838 2646 alia
855 2601 862 2646 :
880 2583 913 2664 o)
928 2586 964 2661 (3)
980 2594 1012 2646 ut
1026 2584 1116 2664 plena
1135 2583 1305 2663 aequalitas
1325 2585 1507 2649 restituatur

412 2691 475 2746 tam
492 2681 592 2762 quood
608 2681 769 2761 pecuniam
791 2690 972 2756 mutuatam,
989 2698 1080 2762 quam
1102 2683 1202 2763 quoad
1225 2682 1357 2746 lotatum
1379 2699 1504 2764 agrum,

413 2796 474 2845 non
502 2781 637 2844 subicere
664 2787 697 2842 ut
723 2795 794 2860 ager
816 2789 845 2842 et
866 2780 995 2860 pecunia
1020 2781 1195 2844 restituatur
1218 2798 1226 2843 :
1249 2788 1394 2843 mutuans
1419 2783 1506 2844 enim

413 2880 595 2962 supponitur
619 2878 837 2960 obligationem
862 2880 1034 2960 suscepisse
1059 2881 1156 2960 pretio
1182 2880 1424 2957 aestimabilem;
1451 2880 1506 2944 sed

415 3004 429 3040 a
443 2979 587 3044 frivolum
602 3002 616 3038 u
634 2989 679 3044 est
693 2979 792 3044 dicere
807 2981 887 3044 hane
902 2981 1120 3062 obligationem
1134 2982 1235 3061 quoad
1251 2997 1359 3062 agrum
1374 2982 1505 3045 nonnisi

413 3079 573 3144 locationis
603 3080 699 3158 pretio
729 3080 932 3159 compensari,
964 3089 1087 3144 econtra
1115 3080 1215 3159 quoad
1245 3080 1407 3160 pecuniam
1437 3081 1506 3144 sola

413 3177 555 3243 laenitate
577 3183 685 3258 posteo
710 3178 816 3241 eadem
842 3179 971 3259 pecunia
995 3179 1099 3243 utendi
1127 3196 1134 3242 :
1162 3195 1268 3241 «sane
1292 3179 1319 3241 si
1349 3180 1417 3243 loeo
1447 3180 1507 3243 tibi

413 3291 525 3356 equum
553 3291 588 3338 ao
613 3285 772 3356 propterea
799 3275 974 3340 facultatem
1003 3276 1107 3340 utendi
1137 3293 1231 3356 equo;
1261 3275 1397 3357 proiecto
1427 3277 1505 3341 dum

413 3390 524 3455 equum
550 3373 696 3450 restituis,
718 3391 787 3438 eunt
804 3376 949 3438 restituis
976 3393 1046 3440 eum
1067 3376 1213 3439 facultate
1236 3375 1352 3453 utendi.
1374 3376 1507 3440 Essetne

413 3471 573 3540 contentus
594 3473 708 3537 locator
729 3489 888 3553 equorum,
912 3474 940 3536 si
961 3474 1126 3539 conductor
1146 3490 1201 3554 pro
1218 3466 1319 3555 ¹pretio
1340 3474 1507 3539 locationis

413 3577 526 3642 diceret
540 3591 573 3644 se
588 3574 660 3638 dare
675 3573 849 3639 tenuitatem
864 3575 969 3642 utendi
984 3591 1063 3655 equo
1077 3583 1167 3654 atque
1187 3591 1219 3638 se
1241 3575 1283 3637 ita
1301 3590 1508 3653 compensum

413 3676 451 3740 ad
476 3674 738 3755 aequalitatemi»
756 3675 843 3738 Unde
869 3673 1023 3754 imprimis
1044 3675 1079 3736 P.
1104 3667 1250 3736 Baiterini
1276 3673 1385 3735 merito
1411 3680 1507 3753 negat

412 3773 617 3855 differentium
633 3774 668 3850 (tt
691 3772 872 3836 locationem
895 3774 974 3836 inter
997 3788 1032 3836 ae
1058 3779 1209 3847 mutuum,
1231 3787 1323 3851 quam
1346 3771 1505 3836 card-de

430 3965 690 4044 ¹(dictitanti.
935 4026 942 4034 ,

430 4047 431 4054 ’
446 4042 481 4105 (i)
498 4040 535 4098 Gi.
549 4056 590 4104 op.
604 4055 637 4106 a,
652 4050 681 4107 p·
692 4039 817 4107 oto-dim
830 4039 950 4097 motat.

447 4113 481 4178 (3)
498 4114 535 4171 dt.
547 4116 594 4180 it,
608 4130 635 4181 p.
648 4113 707 4170 ott.
1014 4133 1017 4138 ·

445 4188 480 4252 (d)
496 4189 680 4246 Animadverti
698 4189 812 4256 insuper
830 4191 919 4255 potest
936 4189 1085 4257 ingonem,
1106 4187 1196 4256 quoad
1217 4191 1356 4255 mutuum,
1377 4199 1505 4244 asserere
