3242 4959
546 894 729 943 SECTIO
748 893 803 942 11.

226 1039 417 1098 Ponuntur
429 1039 468 1098 ot
479 1039 717 1110 applicantur
727 1038 914 1111 principia
926 1038 1121 1098 solutionis

523 1131 824 1191 fundamentalia..

160 1351 271 1430 Itaque
285 1351 334 1413 via
345 1350 410 1429 jam
433 1360 549 1431 parata,
567 1353 673 1416 multis
695 1353 786 1417 etiam
810 1353 862 1416 itio
881 1361 912 1416 et
933 1353 999 1417 illic
1019 1353 1130 1434 positis
1148 1356 1215 1419 viae

109 1447 234 1530 signis,
252 1463 357 1512 seome
371 1448 410 1512 ad
426 1448 574 1514 directum
589 1457 619 1514 el
633 1451 797 1532 positivum
812 1467 939 1514 examen
954 1455 1048 1516 totius
1061 1454 1216 1532 quaestio

111 1546 171 1612 nis
199 1546 341 1627 progredi
365 1563 540 1626 possumus.
568 1549 644 1612 Cum
666 1557 767 1612 autem
792 1549 908 1629 duplici
932 1550 1049 1614 absolvi
1076 1548 1215 1616 videatur

109 1644 286 1720 elemento,
311 1661 421 1726 nempe
445 1645 568 1726 objectis
592 1647 729 1723 ereditis,
757 1656 787 1710 et
812 1654 971 1711 contracta
995 1647 1116 1726 crediti,
1144 1658 1214 1730 apte

110 1743 224 1807 sectio
235 1743 310 1807 haec
320 1744 415 1808 altera
426 1744 541 1824 duplici
553 1747 706 1810 constabit
716 1747 821 1826 Capite
833 1764 841 1810 :
854 1747 961 1827 priori,
972 1764 1033 1827 quo
1044 1757 1214 1829 exponatur

113 1856 274 1920 quaenam
289 1840 405 1920 objecta
424 1843 540 1907 notioni
562 1843 702 1923 capitalis
723 1845 785 1908 sint
806 1845 1102 1926 comprehendenda,
1119 1862 1213 1927 quae·

111 1955 195 2004 nam
209 1955 281 2002 vero
295 1956 372 2018 nou;
390 1940 497 2017 altero,
515 1958 575 2023 quo
594 1942 707 2006 directe
729 1942 766 2006 de
788 1943 897 2007 crediti
918 1953 1027 2008 natura
1048 1954 1167 2026 agatur,
1184 1952 1215 2008 et

109 2053 182 2116 quo
198 2038 351 2118 principia
365 2038 404 2102 de
418 2038 543 2117 objectis
558 2041 681 2104 creditis
696 2042 876 2121 praesertim
891 2042 1095 2122 applicentur.

564 2349 717 2428 CAPUT
744 2349 773 2426 l.

356 2543 403 2598 ul:
429 2541 595 2600 noticiis
622 2543 719 2612 QUAE
745 2543 977 2600 CREDUNTUR.

563 2755 771 2808 introductio.

157 2943 273 3006 Vocem
288 2941 420 3023 capitale
433 2941 658 3022 applicabimus
678 2942 770 3006 rebus
790 2941 855 3004 illis
876 2948 994 3003 tantum
1016 2956 1093 3022 quae
1114 2938 1206 3003 alicui

111 3039 238 3104 homini
258 3055 370 3102 novum
390 3039 524 3103 valorem
544 3039 732 3104 materialem
751 3039 832 3118 juste
853 3038 1036 3119 germinant,
1056 3055 1111 3102 seu
1129 3053 1207 3118 quae

106 3153 174 3218 per
194 3154 228 3200 aa
247 3137 448 3218 proprietario
462 3138 632 3202 auctarium
647 3139 754 3201 afferre
768 3151 907 3218 possunt.
923 3137 992 3200 lam
1007 3138 1089 3201 enim
1104 3137 1206 3201 exclu-

114 3237 230 3313 simus,
257 3234 359 3316 quoad
386 3237 596 3317 quaestionem
621 3245 813 3317 praesentem
841 3236 880 3300 de
907 3237 1033 3301 auctarii
1063 3237 1204 3313 liceitate,

113 3335 235 3416 requiri
251 3335 289 3399 ad
306 3335 569 3415 productivitatem
591 3337 635 3400 rei
658 3345 691 3400 ut
711 3336 850 3399 andeleii
868 3353 923 3398 scu
943 3336 1049 3416 gatteri
1070 3335 1206 3399 damone

113 3451 154 3498 ex
168 3451 229 3498 usu
251 3437 293 3498 rei
315 3435 439 3499 divitiae
461 3450 556 3499 novae
578 3435 752 3516 gignentur.
776 3436 833 3510 Qui
856 3436 982 3500 domum
1003 3452 1090 3500 suam
1113 3436 1202 3510 locat,

108 3532 197 3611 juste
218 3549 308 3596 usum
330 3531 440 3596 domus
460 3533 589 3613 pecunia
610 3533 715 3597 vendit
732 3533 878 3597 :difficile
900 3543 1001 3598 tamen
1023 3534 1107 3598 dictu
1126 3539 1207 3597 esset

113 3647 157 3695 an
172 3631 291 3695 utilitas
305 3631 415 3699 domus
430 3632 531 3694 omnis
544 3632 578 3694 in
591 3632 650 3696 hoc
664 3633 705 3694 sit
719 3632 818 3711 posita
833 3632 914 3711 quod
935 3633 1073 3697 absolute
1093 3646 1205 3696 novum

114 3730 269 3811 producat
291 3730 437 3795 valorem.
463 3730 562 3806 Unde,
585 3731 726 3813 quamvis
750 3731 869 3794 utilitas
893 3732 1009 3811 privato
1035 3740 1064 3794 et
1088 3731 1205 3795 utilitas

116 3829 257 3892 societati
273 3828 395 3908 saepius
407 3827 592 3904 coincidunt,
606 3841 708 3892 tamen
719 3829 819 3894 utilia
830 3829 870 3893 sit
881 3829 977 3909 pretio
991 3827 1202 3904 aestimabilis,

115 3926 295 3991 nullatenus
305 3943 361 4007 per
371 3943 404 3990 se
416 3928 654 4008 praerequiritur
665 3929 740 3992 haec
754 3928 861 3992 altera.
876 3930 990 4007 ltaque,
1003 3927 1030 3990 si
1044 3927 1203 4007 productio

115 4025 189 4116 novi
212 4026 324 4090 valoris
345 4025 447 4107 quood
468 4025 665 4090 individuum
687 4023 859 4108 respicitur,
884 4042 986 4090 vocem
1009 4025 1150 4106 capitalis
1171 4026 1203 4089 in

111 4123 225 4198 eodem
240 4125 420 4189 adhibemus
439 4142 532 4190 sensu
552 4142 612 4205 quo
632 4125 713 4206 apud
732 4125 895 4190 modernos
914 4125 1115 4190 communiter
1129 4142 1204 4190 usu-

115 4225 201 4288 venit
224 4241 232 4288 :
255 4241 364 4305 nempe
385 4241 508 4289 omnem
529 4241 594 4289 rem
616 4243 676 4307 qua
697 4226 809 4291 valoris
829 4242 884 4290 seu
904 4225 1079 4290 divitiarum
1104 4226 1204 4292 incre·

114 4332 257 4388 mentum
270 4324 459 4406 producitur.
