3242 4959
394 471 456 536 878
757 489 829 535 uuus
843 490 964 535 nerana.
982 490 1063 536 secr.
1081 491 1114 535 u.

395 649 558 729 quomodo,
580 649 640 712 nisi
662 648 833 713 aestimatio
847 649 1019 713 communis
1033 648 1168 726 fallatur,
1189 674 1203 706 ι
1219 649 1394 731 obligatio»
1412 650 1494 713 talis-

392 748 565 831 periculoso
590 749 720 812 eundem
750 764 785 812 ac
812 749 941 829 pecunia
971 765 1116 830 praesens
1145 749 1280 813 valorem
1304 749 1427 826 haheat,
1455 757 1485 814 et

396 848 502 911 eodem
518 847 608 911 modo
623 847 720 928 possit
737 863 803 910 esse
825 847 1061 910 instrumentum
1084 848 1311 928 negotiationis.
1329 848 1362 910 Si
1382 857 1496 911 numm.

395 946 502 1009 titulus
522 945 629 1009 crediti
650 961 753 1009 revera
775 945 950 1008 omnimode
972 946 1070 1008 instar
1090 946 1237 1025 pecuniae
1251 946 1426 1021 haberetur,
1443 946 1489 1008 ita

305 1123 307 1126 Ι
396 1053 430 1108 ut
443 1062 478 1108 ex
495 1045 548 1108 tali
568 1045 682 1108 credito
703 1045 821 1108 lucrum
843 1060 905 1107 nou
925 1032 1068 1119 cessaret,
1086 1046 1260 1108 nuliatenus
1280 1045 1493 1126 perspicimus

396 1143 548 1222 quomodo
573 1143 740 1206 auctarium
764 1143 880 1219 justum
902 1143 1095 1223 reciperetur.
1121 1144 1230 1223 Liquet
1252 1144 1389 1223 insuper,
1413 1159 1494 1207 cuna

395 1248 513 1304 tantum
539 1241 699 1305 destricte
725 1241 827 1304 debito
852 1256 997 1321 agamus,
1022 1258 1080 1305 uos
1104 1242 1279 1306 abstrahere
1304 1259 1322 1304 a
1347 1242 1496 1322 praemio·

396 1340 528 1419 quodam
549 1338 630 1420 quod
650 1340 823 1402 institutum
849 1341 907 1402 tale
931 1339 1134 1404 creditoribus
1157 1341 1223 1403 suis
1246 1340 1385 1420 promito
1411 1339 1496 1403 dare·

395 1439 496 1502 vellet.

437 1539 550 1613 Quodsi
567 1538 604 1602 ad
620 1539 712 1602 vitatu
733 1538 951 1602 oeconomicam
974 1539 1153 1602 hodiernam
1171 1538 1363 1618 respicimus,
1380 1554 1497 1601 annon.

395 1655 431 1701 ex
452 1637 603 1718 principio
626 1638 676 1700 hic
697 1639 834 1716 exposito
855 1637 1071 1717 explicandum
1093 1644 1173 1701 esset
1198 1653 1253 1700 cur
1282 1651 1384 1700 revera
1409 1637 1498 1700 ‹les-

395 1736 498 1800 hillets
513 1735 550 1799 de
570 1735 689 1815 banque
709 1745 738 1799 et
754 1737 797 1799 les
814 1734 946 1814 clrdques
961 1753 998 1799 ne
1014 1746 1136 1816 portent
1149 1753 1205 1817 pas
1219 1735 1356 1799 interdt»
1373 1738 1429 1813 (rii
1444 1771 1486 1781 -

398 1836 490 1910 «Que
511 1836 537 1898 si
564 1835 608 1898 les
634 1834 740 1916 ddpdts
766 1851 803 1898 en
826 1836 957 1915 banque,
986 1836 1230 1900 remhoursahles
1253 1852 1311 1898 sur
1334 1834 1497 1898 dornonde

395 1933 575 1998 heuddciem
590 1934 660 1997 d’uu
676 1933 759 2013 leger
775 1933 894 2009 interit,
912 1934 984 1998 c'est
999 1951 1037 1997 en
1057 1935 1159 1997 raison
1179 1935 1250 1997 d'uu
1272 1933 1351 1997 delei
1372 1949 1494 2012 moyen

395 2049 472 2114 pour
498 2032 631 2112 l'emploi
660 2032 817 2113 productis
841 2033 895 2096 des
924 2033 1106 2113 capitaux.»
1135 2035 1179 2096 lta
1205 2035 1242 2096 H.
1270 2033 1408 2097 Sabatier
1434 2036 1482 2111 (a).

395 2133 433 2196 Et
447 2147 562 2207 revera,
579 2131 747 2195 omittendo
763 2131 996 2211 explicationem
1009 2131 1093 2209 juxta
1114 2148 1205 2212 quam
1227 2132 1292 2195 leve
1312 2133 1494 2196 auctarium

328 2399 330 2402 .
426 2327 461 2389 (l)
477 2325 515 2383 df.
528 2327 559 2381 ll.
573 2327 716 2390 Suuurrun,
730 2327 772 2380 Lo
785 2327 887 2380 theort'e
898 2332 1026 2382 moderno
1042 2332 1077 2382 du
1095 2331 1194 2394 eupdol
1205 2335 1231 2382 et
1243 2330 1383 2394 lojustice,
1397 2343 1426 2394 p.
1440 2329 1483 2384 ll.

394 2410 442 2466 llio
452 2413 549 2466 auctor
560 2413 651 2466 tamen
661 2409 717 2465 alio
729 2409 812 2466 modo
824 2410 877 2466 hoc
888 2409 990 2466 laetum
1003 2412 1204 2468 oecouomieum
1213 2411 1342 2478 explieat,
1355 2410 1463 2468 scilieet
1475 2431 1493 2468 :-

394 2492 437 2547 «il
448 2495 491 2548 cst
502 2489 517 2548 'a
529 2505 632 2558 propos
643 2491 678 2546 de
689 2495 827 2546 constater
846 2505 901 2557 oue
919 2492 943 2548 la
963 2494 1096 2560 pretioue,
1110 2493 1233 2549 d'aoeord
1251 2506 1316 2548 avec
1327 2492 1352 2547 la
1364 2491 1485 2558 theorie,

394 2589 429 2632 ne
441 2574 560 2632 concede
571 2589 625 2632 aux
637 2576 716 2632 liures
728 2575 885 2632 fiduciaires
901 2576 927 2631 le
943 2576 1017 2632 droit
1032 2591 1087 2632 aux
1103 2574 1216 2632 interdts
1227 2589 1282 2642 oue
1293 2574 1334 2630 s'il
1346 2575 1436 2630 existe
1447 2591 1496 2628 um

394 2658 467 2712 delui
486 2660 597 2712 ocoorde‘
616 2661 633 2712 d
655 2661 682 2712 lo
702 2662 868 2724 productiora,
887 2673 922 2714 au
943 2673 1079 2715 concours
1099 2659 1136 2714 du
1157 2658 1253 2724 capital
1273 2659 1302 2713 el
1319 2657 1356 2712 du
1375 2657 1483 2722 travail,

393 2742 534 2798 condition
555 2742 589 2798 de
610 2743 634 2798 la
656 2741 843 2808 plus-velue.»
862 2743 932 2797 llaec
951 2742 1107 2808 explicatio,
1129 2742 1181 2796 rite
1204 2740 1350 2802 intellecta,
1373 2739 1494 2796 admitth

394 2825 610 2891 percenseam
629 2826 711 2881 eliam
731 2825 775 2880 lule
793 2825 942 2890 excogitari
961 2827 1054 2890 posset
1069 2823 1180 2891 aliouod
1198 2824 1291 2880 «delei
1302 2823 1419 2879 aoeordd
1430 2821 1446 2879 a
1458 2823 1495 2878 la·

394 2907 590 2973 productione
613 2906 686 2962 uude
706 2919 740 2962 ex
762 2906 815 2962 hoe
835 2906 933 2971 cupite,
956 2907 1048 2971 potius
1068 2905 1214 2962 dicendum
1234 2908 1307 2962 esset
1328 2905 1494 2962 auctarium.

391 2988 496 3055 justum
508 2990 589 3045 etiam
603 2988 669 3045 ferri
680 2989 781 3045 debere
799 2988 930 3054 peruios
948 2989 1041 3045 hillets
1059 2987 1093 3044 de
1111 2988 1258 3054 hauoueal
1269 2987 1310 3044 les
1327 2987 1482 3055 ohdoues».

393 3071 426 3126 At
437 3070 587 3126 notandum
600 3074 641 3126 est
653 3070 802 3126 terminum
821 3070 944 3126 medium
956 3069 1163 3136 excogitahilem
1176 3071 1221 3126 hic
1232 3070 1367 3126 minorem
1379 3083 1441 3125 esse
1451 3084 1497 3126 ae·

393 3168 443 3220 pro
455 3153 588 3220 depositis
599 3172 615 3202 «
623 3153 843 3209 remhoursahles
861 3167 910 3208 sur
927 3152 1091 3215 demando»,
1105 3152 1228 3219 adeoque
1241 3151 1488 3218 productivitatem·

393 3235 468 3291 illam
480 3234 595 3292 mediam
607 3235 685 3302 quusi
696 3235 868 3301 compensari
881 3235 1012 3300 impensis
1024 3234 1057 3289 ad
1069 3234 1133 3289 talia
1146 3235 1270 3290 instituta
1283 3234 1432 3300 requisitis.

425 3318 460 3380 (l)
477 3316 514 3372 ut.
528 3318 562 3372 id.
576 3343 609 3354 -
621 3317 651 3372 ll.
665 3318 751 3373 Pnscu
768 3321 833 3375 (art.
846 3332 881 3380 o,
900 3318 1034 3372 Zeitsoltr.
1047 3316 1095 3380 Γᾶν
1106 3318 1178 3370 heth.
1197 3315 1387 3389 Theol.,1888,
1401 3332 1427 3383 p.
1440 3317 1498 3379 Sol»

392 3401 459 3456 haee
467 3399 564 3455 scribit
575 3418 581 3454 :
592 3417 608 3448 «
616 3398 744 3455 dherdies
754 3399 789 3455 ist
798 3399 848 3455 der
857 3399 918 3454 llus
927 3399 970 3454 hei
983 3398 1200 3465 Banlrdepositeu
1209 3399 1306 3464 garing
1314 3399 1352 3462 (in
1361 3398 1482 3466 England

392 3481 503 3546 l-lrle
515 3485 549 3545 ⁰l0
565 3485 647 3537 unler
664 3481 727 3536 dem
745 3483 912 3538 llisconlsalz
932 3481 981 3538 der
1001 3480 1164 3548 Englischen
1182 3480 1278 3547 Bauk);
1299 3481 1344 3538 die
1363 3482 1483 3538 llassier·

392 3567 499 3623 dienste
510 3565 559 3622 der
573 3566 680 3621 Bankeu
692 3565 781 3622 haben
793 3567 859 3623 aber
871 3581 924 3622 nur
936 3565 981 3621 idr
992 3565 1038 3620 die
1049 3565 1165 3620 inhaber
1175 3564 1252 3620 einos
1267 3563 1492 3630 einigermassen

392 3652 537 3715 grdsseren
549 3649 689 3704 Betriehes
700 3648 846 3704 wortliche
858 3647 1026 3712 Bedeutung.
1042 3646 1217 3703 Schliesslich
1227 3646 1324 3702 zahlen
1334 3647 1380 3704 die
1391 3649 1482 3714 grdss

393 3736 439 3788 ten
457 3731 574 3796 llanlren,
593 3747 617 3786 z.
637 3730 666 3785 B.
687 3730 732 3786 die
750 3730 823 3785 llank
843 3728 873 3784 ol
887 3729 1008 3796 England
1028 3729 1106 3784 ihren
1125 3730 1299 3796 Deponenlen
1317 3743 1366 3795 gar
1384 3730 1493 3788 lemen

393 3813 571 3869 dinsa—P.
590 3815 710 3868 hurorun
729 3812 782 3876 (op.
802 3827 836 3876 c.,
857 3827 883 3878 p.
903 3811 961 3874 351)
979 3811 1047 3867 dicit
1064 3810 1153 3879 ouoad
1172 3811 1284 3866 Galliam
1303 3830 1310 3866 ε
1329 3825 1387 3867 «en
1405 3810 1480 3876 1895,

393 3895 454 3962 cino
478 3894 697 3950 etablissements
719 3893 754 3950 de
777 3893 913 3950 credit-
929 3894 1021 3950 Credit
1043 3894 1187 3960 Lyouuais,
1212 3892 1318 3949 Soeidld
1340 3893 1480 3959 Generalo,

394 3977 532 4043 Comploir
548 3976 667 4033 national
685 3977 862 4043 d'escompte,
876 3976 967 4033 creuit
984 3977 1138 4043 industriel,
1151 3976 1241 4034 credit
1252 3975 1358 4032 soncior
1368 4005 1402 4014 -
1413 3981 1481 4034 rete

394 4059 486 4116 ualent
497 4058 560 4126 prds
572 4060 607 4116 de
618 4064 688 4114 deux
707 4063 845 4114 milliords
862 4060 896 4115 de
912 4060 1090 4126 depulsam
1106 4060 1120 4116 d
1136 4075 1189 4116 vue
1204 4059 1265 4127 ou'd
1280 4059 1416 4117 oohmnoe
1427 4060 1488 4118 fixe

395 4143 422 4197 el
433 4155 468 4198 en
479 4145 741 4208 comptescourunls
757 4141 919 4199 erediteuro.
934 4143 982 4199 Ces
998 4143 1122 4209 banques
1137 4143 1259 4199 donnent
1275 4157 1314 4206 un
1331 4142 1431 4201 inldrdl
1446 4143 1493 4200 de

396 4223 438 4287 ill
449 4238 485 4280 ou
498 4227 511 4280 l
526 4224 559 4289 ⁰l0
570 4227 598 4280 et
609 4227 780 4292 escomplent
791 4238 828 4293 ou
840 4223 949 4291 pectant
960 4238 994 4281 en
1008 4221 1171 4291 repensae
1183 4238 1218 4280 ou
1232 4225 1304 4289 3⁰l0.
1314 4242 1330 4272 »
