3242 4959
426 472 488 538 180
795 492 869 539 unns
883 493 1004 539 aurunt.
1022 491 1102 539 seor.
1119 493 1142 538 r.

426 660 511 719 scuta
536 670 628 718 aurea
651 653 796 720 habentia
821 655 962 720 eumdem
991 656 1126 720 valorem
1152 655 1293 736 legalem,
1321 653 1520 737 potestesse

425 753 597 833 inaequalis
619 753 704 817 valor
724 754 926 829 naturalis...;
950 753 1197 818 commoditatem
1217 755 1363 833 majorem
1385 755 1518 821 transie-

425 852 512 917 rendi
527 853 689 934 pecuniam
703 852 742 917 ad
762 853 824 918 alia
844 853 911 917 loca
931 863 961 918 et
984 853 1027 918 ibi
1050 854 1135 917 illam
1157 853 1348 935 expendendi
1372 863 1402 920 et
1422 873 1523 937 nego—

424 951 534 1025 tioudi,
550 967 586 1016 eo
601 951 682 1032 quod
698 951 843 1015 libentius
854 951 928 1016 alibi
944 958 1117 1033 acceptetur
1131 954 1177 1016 vol
1198 953 1298 1034 pluris
1318 955 1515 1032 aestimetur,-

424 1050 571 1129 majorem
586 1051 660 1114 item
678 1051 871 1115 securitatem
886 1051 1037 1117 valoris...
1055 1069 1083 1130 »;
1101 1068 1178 1132 quae
1200 1069 1274 1116 sane
1295 1054 1399 1118 omniu
1419 1055 1523 1136 respi-

424 1151 509 1215 ciunt
523 1150 670 1230 pecuniae
683 1149 818 1213 valorem
833 1150 981 1214 venalem.
1000 1151 1038 1214 Et
1052 1151 1095 1214 ita
1110 1167 1217 1215 omnes
1238 1152 1371 1217 sensisse
1397 1154 1521 1218 scolas»
1599 1189 1600 1224 l

423 1249 503 1314 ticos
525 1256 638 1322 tenent,
666 1246 757 1312 modo
781 1249 930 1311 loannem
954 1248 1108 1324 Medicam
1129 1248 1327 1328 (lesu-teto)
1346 1257 1377 1314 et
1396 1267 1521 1331 paucos·¹
1599 1247 1600 1288 ³

424 1347 568 1428 excipias,
586 1347 638 1427 oui
653 1346 746 1409 nimis
759 1346 859 1410 'valori
884 1346 974 1428 legali
996 1347 1172 1410 insistentes
1193 1364 1264 1412 cum
1285 1348 1353 1430 ipso
1375 1351 1513 1414 valorem
1599 1373 1600 1404 t

424 1446 595 1509 naturalem
614 1446 703 1526 plene
724 1461 891 1526 congruere
906 1444 1011 1508 dedere
1024 1445 1233 1522 autumabant,
1255 1449 1407 1528 quantus,
1430 1448 1521 1529 quodi
1599 1459 1600 1470 ¹

424 1552 528 1609 notatu
543 1544 682 1625 dignum,
699 1543 861 1625 pecuniam
879 1552 914 1608 ut
933 1544 1095 1626 pecuniam
1116 1554 1146 1608 et
1165 1551 1199 1608 ut
1219 1561 1284 1609 rem
1302 1564 1394 1628 posse
1415 1547 1522 1611 consi
1599 1587 1600 1620 f

425 1641 531 1706 deruri
545 1642 707 1707 admittant
722 1645 769 1721 (t).

465 1821 497 1886 Si
512 1823 669 1902 hucusque
684 1822 787 1904 igitur,
801 1839 820 1885 a
833 1822 973 1904 Principe
989 1823 1116 1886 Scholae
1127 1823 1166 1886 ad
1180 1824 1272 1888 linem
1287 1825 1402 1889 saeculi
1414 1827 1510 1903 XVII,

374 1981 377 1985 .
422 1920 509 1986 nulla
520 1921 653 1985 notionis
665 1921 798 1984 evolutio
809 1921 1002 2001 perspicitur,
1013 1921 1270 2001 aliquamtamen,
1280 1939 1341 1986 non
1350 1924 1382 1988 in
1391 1925 1525 1990 notione·
1599 1951 1600 2010 3

422 2019 574 2102 ponenda,
602 2018 713 2082 sedin
738 2019 921 2100 applicanda
945 2019 1071 2100 reperiri
1095 2020 1195 2100 primo
1220 2021 1332 2085 intuitu
1357 2022 1479 2087 ridetur
1505 2042 1518 2088 τ
1599 2011 1600 2018 '

422 2119 538 2186 scilicet
549 2127 595 2183 est
604 2119 689 2183 haec.
703 2119 735 2182 S.
745 2119 878 2183 Thomas
888 2119 1042 2183 cambium
1053 2126 1210 2199 tamquam
1223 2128 1413 2185 contractum
1426 2137 1524 2186 verae·

421 2219 666 2302 permutationis,
678 2234 787 2299 nempe
798 2218 842 2281 rei
855 2217 893 2282 ad
905 2227 1108 2292 remeantum
1119 2218 1230 2282 habere
1243 2219 1372 2295 videtur,
1383 2237 1447 2285 uon
1457 2238 1513 2285 au·

420 2326 494 2395 tem,
504 2318 611 2381 saitem
623 2332 776 2398 expresse,
786 2324 932 2396 tanquam
948 2324 1137 2381 contractum
1148 2317 1333 2384 venditionis
1347 2335 1355 2382 ε
1371 2321 1514 2399 quamvis

422 2418 505 2483 enim
520 2417 613 2481 semel
635 2417 776 2497 loquatur
790 2415 828 2480 de
846 2415 1077 2480 «venditione»
1094 2433 1213 2479 messae
1233 2417 1299 2480 auri
1324 2417 1370 2481 vel
1394 2420 1523 2500 argenti

423 2533 515 2597 quam
529 2525 723 2589 mercatores,
740 2516 773 2578 in
786 2523 889 2595 partes
908 2516 1095 2579 ldeutoniae
1118 2516 1275 2592 abeuntes,
1303 2531 1407 2579 secum
1434 2515 1517 2581 ferre

422 2624 579 2696 cogantur,
603 2630 665 2677 non
689 2614 753 2695 agit
778 2623 881 2677 mmen
903 2629 1038 2694 unquam
1060 2613 1098 2677 de
1118 2611 1291 2678 venditione
1312 2613 1524 2676 numismatis*

422 2729 482 2793 qua
496 2713 583 2790 talis;
600 2712 727 2787 scilieet,
744 2729 806 2776 non
821 2711 956 2792 inquirit
970 2711 1113 2792 explicite
1127 2722 1230 2775 utrum
1246 2711 1336 2775 liceat
1357 2712 1519 2776 numisma

421 2825 492 2876 eum
505 2810 688 2875 numismate
704 2811 745 2874 ita
761 2811 925 2891 permutari
942 2819 975 2874 ut
990 2825 1097 2885 unum,
1110 2825 1255 2890 praesens
1268 2825 1389 2890 nempe,
1403 2811 1525 2874 habea·-

421 2917 471 2973 tur
484 2925 544 2990 qua
558 2911 702 2991 pretium.
718 2910 848 2974 altermn
862 2926 944 2983 vero,
961 2910 1073 2973 absens
1089 2917 1225 2989 tempore
1240 2909 1286 2972 vol
1307 2908 1386 2982 loco,
1404 2924 1513 2989 quam·

421 3007 468 3070 xis
493 3009 673 3089 respiciatur
695 3008 769 3089 puio
791 3008 957 3083 numisma,
981 3023 1042 3071 non
1064 3007 1212 3070 habeatur
1232 3013 1334 3072 tamen
1360 3015 1524 3087 quatenus·
1597 3013 1598 3066 l

421 3106 588 3182 numisma,
605 3106 659 3170 sed
674 3114 824 3186 quatenus
838 3121 924 3168 merx
941 3106 1025 3183 juxta
1049 3105 1182 3168 valorem
1204 3105 1386 3169 naturalem.
1404 3107 1521 3187 Atqui,

420 3202 493 3266 inde
507 3205 545 3268 ab
559 3205 682 3267 ineunte
697 3202 818 3266 saeculo
833 3204 912 3277 XVl,
931 3203 1070 3283 quaestio
1087 3203 1140 3265 illa
1165 3203 1289 3282 ponitur
1309 3202 1456 3283 explicita
1477 3219 1522 3268 acv

422 3303 597 3382 praecipua,
615 3319 651 3366 ex
665 3301 938 3368 consuetudinibus
953 3310 1019 3364 orta
1034 3301 1310 3367 commercialibus.
1329 3303 1395 3366 Huc
1409 3311 1511 3366 autem

422 3403 513 3479 redit,
530 3419 570 3466 an
585 3403 715 3484 pecunia
730 3419 789 3482 qua
803 3402 933 3482 pecunia
948 3401 987 3465 sit
1001 3401 1164 3465 vendibilis
1176 3405 1211 3480 (a)
1224 3419 1232 3465 :
1245 3403 1271 3465 si
1283 3401 1365 3465 enim
1380 3402 1519 3467 alterum
1596 3481 1597 3486 Ἰ

303 3574 305 3577 ,
422 3502 588 3578 numisma,
613 3519 631 3566 a
656 3517 815 3582 campsore
839 3501 908 3565 heic
934 3500 979 3564 vel
1005 3517 1086 3565 nunc
1111 3500 1270 3577 tributum,
1297 3507 1331 3564 ut
1355 3501 1522 3564 numisma

420 3600 561 3676 habetur,
582 3600 614 3664 id
636 3609 734 3663 estut
755 3599 888 3680 pretium
909 3598 1077 3662 secundum
1099 3599 1233 3663 valorem
1254 3614 1344 3662 suum
1366 3598 1518 3680 legalem,

422 3700 551 3764 alterum
580 3715 666 3775 vero,
696 3698 735 3763 ab
763 3699 871 3762 eodem
898 3696 1120 3777 recipiendum,
1151 3707 1185 3761 ut
1212 3713 1308 3773 merx,
1339 3697 1520 3761 secundum-⁴

452 3912 488 3976 (l)
504 3911 671 3969 delirorum
678 3909 909 3968 doctrinavidesis
915 3911 1013 3967 citatos
1019 3912 1149 3966 auctores
1157 3909 1199 3974 (li.
1208 3908 1268 3975 ce),
1276 3910 1343 3966 item
1350 3872 1506 3974 marmur,

420 3995 575 4058 Studien...
587 3996 608 4058 1,
622 4010 649 4061 p.
663 3992 713 4050 168
722 4007 745 4049 o.
758 3993 842 4048 Error
853 3996 945 4049 autem
962 3991 1085 4049 lledinae
1098 3995 1126 4048 et
1137 3991 1196 4048 Soti
1206 3991 1317 4048 videtur
1328 3991 1358 4048 in
1369 3991 1423 4083 doc
1434 3991 1507 4061 quod
1595 4055 1596 4058 Ἴ

421 4077 559 4133 mmbium
570 4076 657 4134 lomle
668 4075 701 4132 ad
714 4079 842 4162 mutuum
855 4075 996 4134 reducant.
1089 4156 1094 4168 1
1118 4156 1145 4169 ..
1305 4156 1311 4169 ι

454 4158 489 4221 (i)
506 4158 603 4215 deveas
620 4173 655 4215 ne
672 4158 742 4214 hanc
759 4158 948 4225 quaestionem
965 4156 1000 4214 de
1016 4155 1204 4213 nendxbrlxtate
1215 4166 1346 4224 pecunrae
1357 4155 1518 4214 confundas

421 4253 485 4296 eum
493 4240 654 4308 quaestione
664 4239 699 4297 de
709 4240 897 4298 vendibilitate
909 4253 976 4297 usus
991 4238 1136 4307 pecuniae,
1146 4237 1181 4296 de
1192 4253 1246 4306 oua
1258 4239 1287 4296 in
1297 4241 1396 4297 mutuo
1407 4240 1514 4306 agrem
