3242 4959
368 449 434 513 utu
739 465 810 512 anns
825 466 948 512 icrunt.
964 466 1044 513 sacr.
1061 469 1093 513 11.

330 658 332 662 ·
370 639 510 695 mutuum
526 645 618 695 usura
632 630 818 709 inficeretur,
835 633 874 697 ad
894 632 975 713 quod
997 633 1205 713 quaerendum
1227 633 1362 714 periculo
1384 635 1460 698 alru-

367 739 461 794 suurn
487 729 726 794 adducebantur.
742 731 855 796 Verum
881 738 1019 798 auctores
1044 730 1212 812 praecipui,
1240 732 1371 796 saeculis
1391 733 1461 796 llvl

371 837 400 894 et
420 830 503 894 llvll
523 829 656 894 virentes
678 834 725 909 (a),
753 832 861 896 merito
886 833 1038 895 affirmant
1063 831 1182 896 lucmm
1208 848 1311 897 reuera
1336 849 1461 897 cessans

365 931 447 1010 iuste
462 931 665 1012 compensari,
682 932 801 996 etiamsi
817 933 887 1012 quis
906 940 1046 996 mutuum
1069 933 1249 996 lucrativam
1271 949 1344 1013 prae
1365 949 1461 1014 nego·

369 1031 495 1094 tiatiene
509 1032 617 1110 quavis
632 1031 780 1113 frugifera
791 1032 896 1113 eligat.
911 1034 970 1096 Per
981 1049 1014 1095 se
1025 1039 1127 1095 autem
1142 1040 1234 1112 patet,
1250 1032 1335 1110 juna
1349 1049 1461 1096 secun·

366 1129 441 1193 darn
457 1129 663 1195 conditionem
680 1148 771 1212 supra
787 1133 931 1212 positam,
946 1131 1057 1210 inJuste
1068 1131 1168 1210 maius
1181 1132 1300 1196 lucrum
1311 1132 1343 1195 in
1356 1142 1461 1195 mutuo

371 1228 450 1310 exigi
472 1245 565 1309 quam
586 1247 657 1312 spes
680 1231 755 1297 lucri
779 1233 812 1294 in
831 1231 1037 1310 negotiatione
1058 1231 1280 1294 aestimaretur.
1306 1233 1368 1296 ‹si
1392 1246 1461 1295 rero

366 1328 550 1408 praeelectio
572 1328 626 1393 illa
648 1347 709 1394 non
731 1331 771 1393 sit
786 1330 858 1411 quia
880 1330 951 1412 plus
964 1329 1063 1393 ualeat
1079 1330 1195 1394 lucrum
1211 1330 1293 1410 quod
1308 1346 1326 1394 a
1341 1339 1463 1393 mutua·

367 1427 446 1490 tario
459 1427 558 1500 datur,
569 1444 660 1507 quam
672 1428 754 1510 quod
767 1446 802 1492 ex
815 1429 1020 1510 negotiatione
1032 1429 1185 1510 sperabat,
1199 1429 1253 1492 sed
1265 1429 1340 1509 poia
1351 1427 1463 1490 modas

366 1525 421 1588 illc
442 1525 584 1589 lucrandi
604 1527 647 1590 sit
665 1528 764 1608 inopis
777 1529 874 1608 juxto
892 1528 1018 1608 penitam
1032 1533 1061 1590 et
1075 1527 1209 1590 indolem
1222 1545 1324 1603 suam,
1341 1535 1372 1590 ct
1387 1527 1462 1590 vitat

370 1623 505 1704 aliquam
520 1625 693 1690 molestiam
708 1642 801 1706 quam
817 1635 919 1690 tamen
934 1643 996 1690 non
1011 1625 1174 1690 redimeret
1186 1627 1295 1707 pretio,
1310 1626 1363 1690 sed
1374 1625 1464 1688 vellet

370 1722 471 1802 potius
493 1737 562 1785 cum
585 1722 639 1785 illa
663 1723 804 1788 molestia
826 1725 896 1804 plus
919 1724 1030 1787 lucrari
1053 1740 1146 1804 quam
1167 1725 1270 1789 minus
1291 1724 1359 1787 sine
1379 1723 1458 1787 illa:

365 1829 453 1890 tunc,
477 1820 519 1883 ita
540 1820 577 1884 de
601 1823 683 1902 Lugo
707 1824 758 1898 (a),
786 1838 889 1886 reram
912 1839 979 1886 esse
1000 1830 1072 1903 puto
1092 1822 1257 1886 secundam
1278 1822 1461 1886 sententiam

371 1921 602 1998 (affirmantem).
621 1921 673 1984 Sic
694 1921 776 1984 enirn
792 1921 913 1998 artilex,
930 1923 983 2002 qui
999 1922 1094 1986 nollet
1115 1924 1212 2003 pretio
1234 1923 1339 2003 aliquo
1359 1937 1462 1986 emere

370 2018 467 2082 otium
483 2035 499 2080 a
515 2018 629 2096 labore,
647 2018 700 2083 sed
716 2028 814 2083 totum
834 2037 925 2084 suum
947 2021 1066 2084 lucmm
1089 2021 1241 2102 integrum
1264 2036 1334 2085 cum
1356 2021 1462 2084 labore

365 2117 473 2198 potios
496 2117 584 2181 vatter
608 2134 700 2199 quarn
721 2119 825 2183 minus
850 2121 918 2183 sine
943 2120 1047 2183 labore
1070 2137 1078 2182 z
1100 2128 1200 2200 potest
1222 2127 1318 2183 totum
1342 2119 1460 2183 lucrum

370 2215 485 2278 laboris
510 2216 630 2297 exigere
655 2217 693 2280 ab
719 2232 754 2280 eo
777 2233 795 2280 a
821 2234 881 2297 quo
903 2216 1049 2281 invitatur
1070 2217 1108 2281 ad
1133 2218 1362 2293 recreationem,
1391 2218 1462 2282 licet

368 2329 474 2378 revera
488 2315 576 2380 malit
589 2324 684 2380 totum
700 2317 777 2380 illud
794 2318 913 2381 lucmm
929 2319 995 2382 sine
1011 2318 1115 2382 laboro
1133 2327 1163 2381 et
1183 2333 1253 2382 cum
1275 2317 1461 2382 recreatione

371 2412 495 2489 haltere,
518 2429 610 2492 quant
629 2430 698 2477 cum
715 2414 829 2478 labore.
845 2436 860 2471 ι
877 2414 959 2489 Quae
974 2415 1204 2479 transcribenda
1218 2416 1374 2492 duximus,
1391 2432 1461 2479 cum

369 2510 554 2590 profundam
570 2518 599 2574 et
614 2528 716 2575 veram
732 2513 775 2576 rei
791 2513 1031 2577 intellectionem
1046 2515 1230 2578 contineant.

411 2609 499 2674 Unde
513 2610 551 2674 ad
567 2608 689 2673 titulum
704 2611 782 2674 lucri
798 2612 947 2675 cessantis
961 2612 1103 2676 voluntas
1118 2629 1155 2676 ex
1169 2613 1299 2693 pecunia
1315 2613 1413 2676 aliare
1430 2630 1461 2677 re

368 2709 485 2773 credita
495 2710 639 2774 lucrandi
656 2711 832 2774 nullatenus
847 2711 1012 2790 requiritur
1026 2709 1166 2773 absoluta
1181 2711 1238 2774 hoc
1257 2727 1361 2788 sensu,
1379 2711 1460 2791 quod

367 2810 500 2888 pecunia
515 2809 560 2873 vel
578 2825 626 2872 res
639 2811 702 2889 jam
718 2811 888 2890 operationi
904 2811 1071 2874 lucrativae
1089 2810 1129 2872 sit
1147 2826 1250 2874 revera
1267 2810 1396 2885 tradita,
1413 2811 1459 2874 vel

369 2908 479 2971 saltem
500 2909 629 2990 positive
651 2919 679 2972 et
703 2908 840 2971 absolute
861 2908 1026 2983 destinata,
1056 2925 1136 2999 nunc
1157 2916 1258 2972 autem
1280 2910 1318 2973 oh
1342 2909 1404 2972 rim
1426 2927 1462 2974 ac

366 3003 508 3068 fraudem
523 3006 659 3080 alterius,
677 3016 871 3087 praeceptum
887 3007 1068 3087 superioris,
1086 3007 1132 3070 vel
1153 3007 1261 3071 saltem
1280 3023 1388 3088 preces
1402 3007 1460 3071 ali-

273 3140 276 3145 ·
366 3105 468 3180 cujus,
483 3112 588 3170 mutuo
601 3105 755 3184 credatur;
773 3107 884 3170 sufficit
898 3107 981 3171 enim
992 3106 1134 3170 voluntas
1144 3106 1366 3183 conditionata,
1382 3123 1460 3187 quae

370 3202 432 3265 lruc
456 3203 535 3265 redit
562 3220 569 3266 :
598 3203 675 3279 colu,
703 3221 785 3268 nunc
810 3204 919 3268 saltem
944 3221 1014 3269 cum
1040 3205 1201 3285 pecuniam
1227 3204 1324 3281 trado,
1349 3222 1386 3268 ex
1407 3221 1461 3285 pe·

209 3313 212 3320 ·
280 3328 281 3331 ¹
369 3301 462 3364 cunia
488 3317 555 3365 mea
582 3301 710 3380 lucrari;
734 3319 857 3384 possem
881 3312 993 3380 autem,
1020 3304 1046 3368 si
1072 3304 1192 3379 vellem,
1220 3321 1257 3368 err
1280 3306 1386 3368 eadem
1416 3305 1463 3368 lu·

367 3401 449 3466 crari
476 3401 682 3465 contractibus
707 3403 814 3465 multis
835 3402 1009 3484 frugiferis;
1033 3419 1139 3467 verum
1166 3404 1372 3468 contractibus
1395 3403 1461 3468 illia

357 3499 477 3580 „insunt
496 3499 702 3576 incommoda,
730 3509 802 3582 puta
826 3501 958 3576 labores,
983 3501 1058 3565 lucri
1085 3501 1326 3577 incertitudines,
1354 3502 1460 3566 damni

368 3598 518 3678 pericula,
543 3615 621 3679 quae
641 3605 755 3673 tamen,
782 3601 924 3680 quanvis
943 3600 1195 3680 pertimescenda,
1218 3600 1321 3666 subire
1350 3601 1460 3665 vellem

365 3696 397 3758 si
427 3696 605 3775 adjustum
631 3697 751 3760 lucmm
781 3697 1011 3779 percipiendum
1036 3698 1194 3762 subeunda
1222 3705 1338 3776 essent;
1365 3698 1460 3762 simul

368 3811 441 3859 vero
470 3809 539 3860 curn
569 3796 624 3860 illa
651 3796 794 3860 facultate
820 3798 952 3862 occurrit
975 3798 1052 3862 mihi
1077 3799 1196 3862 occasio
1222 3799 1368 3881 pecuniae
1391 3816 1460 3862 rnu-

370 3896 512 3960 tuandae.
534 3896 609 3960 Cum
631 3893 744 3977 duplex
767 3895 821 3962 illa
842 3896 1032 3979 possibilitas
1055 3899 1131 3961 mihi
1158 3897 1198 3962 sit
1219 3899 1320 3976 obvia,
1337 3899 1461 3980 simpli·

405 4126 440 4189 (ll
457 4126 495 4183 cf.
507 4141 542 4182 nn
553 4129 638 4194 Lueo,
651 4129 698 4193 tlt,
711 4143 739 4184 n.
753 4127 810 4186 toa.

404 4207 440 4269 (l)
457 4207 494 4264 Cf.
506 4209 542 4264 tt.
