3242 4959
384 415 447 482 mc
748 431 957 479 nuusmrnuu.
974 431 1103 479 sacr-11.

382 601 562 666 aestimatur
579 600 791 676 communiter,
809 599 939 680 ideoque
956 599 1037 678 juste
1057 607 1273 680 compensatur
1292 599 1413 664 etiamsi
1434 600 1469 663 tle

383 699 464 764 iacto
477 699 568 763 alicui
583 715 645 763 nou
663 698 842 779 profuturus
862 698 914 761 sit.
931 698 991 762 Sed
1011 698 1063 762 bio
1084 698 1220 779 praecise
1239 706 1376 762 auctores
1398 714 1471 762 ana·

384 797 466 880 logia
481 797 547 862 lalli
563 798 719 875 videntum
733 805 763 861 et
788 799 864 861 baec
884 797 975 861 uobis
995 797 1072 861 ratio
1093 805 1140 861 est
1157 813 1212 862 cur
1232 798 1381 863 sententia
1401 797 1470 876 reji-

382 898 492 962 ciatur.
515 897 695 964 Aestimatio
719 897 904 972 communis,
929 905 964 961 ut
988 898 1031 960 ita
1052 896 1203 972 dicamus,
1227 913 1291 962 rem
1314 898 1360 962 vel
1382 913 1470 962 usum

384 996 525 1061 aestimat
549 1005 579 1060 ot
600 997 680 1075 juste
705 996 867 1060 aestimare
896 1005 1007 1076 potest,
1034 997 1088 1060 secl
1116 997 1222 1072 simul,
1249 1007 1279 1060 et
1304 996 1372 1061 ideo
1401 997 1473 1077 quia

385 1094 536 1168 aestimat,
551 1093 699 1176 supponit
713 1093 756 1156 rei
775 1092 821 1156 uel
836 1109 912 1157 usus
927 1092 1207 1157 aestimabilitatem
1221 1093 1254 1158 iu
1269 1102 1315 1158 est
1329 1093 1474 1175 aptitudi-

384 1207 455 1256 nem
470 1207 562 1272 quam
577 1206 626 1254 res
641 1190 686 1254 vel
703 1207 778 1254 usus
792 1191 826 1253 in
841 1207 874 1254 se
888 1191 979 1254 babet
993 1191 1032 1254 acl
1046 1191 1291 1256 aestimationem
1305 1191 1473 1256 oeoouomi·

385 1307 464 1356 cam.
482 1291 520 1355 llt
534 1291 576 1354 ita
590 1291 709 1354 etiamsi
722 1290 897 1354 aestimatio
912 1289 950 1354 de
960 1307 993 1354 re
1005 1291 1037 1354 iu
1053 1291 1208 1356 communi
1223 1292 1263 1355 sit
1278 1290 1471 1366 uniuersalis,

385 1390 411 1454 31
428 1389 459 1452 iu
475 1387 532 1452 iac
555 1397 605 1452 tua
627 1404 659 1452 re
681 1404 743 1453 nou
764 1387 851 1452 adest
870 1387 1116 1463 aestimabilitac,
1133 1389 1304 1453 aestimatio
1324 1396 1475 1468 quatenus
1586 1426 1587 1433 κ

385 1488 423 1552 ad
444 1489 524 1551 hanc
544 1503 609 1552 reru
635 1486 845 1552 extenderetur
870 1497 916 1550 est
937 1486 1015 1550 laisa
1036 1504 1093 1552 uec
1110 1488 1216 1566 iusta:
1238 1488 1264 1551 si
1287 1487 1474 1550 trumentum

385 1586 462 1651 emis
476 1586 573 1666 pretio
588 1587 756 1661 communi,
770 1585 824 1649 sed
839 1584 1027 1649 frumentum
1042 1594 1090 1649 est
1105 1586 1213 1666 quovis
1228 1585 1320 1650 modo
1334 1585 1474 1648 uitiatum

385 1701 447 1749 nou
462 1685 575 1748 teneris
590 1683 628 1748 ad
643 1684 774 1765 pretium
789 1700 967 1761 corrrmuue3
983 1692 1015 1747 et
1030 1684 1057 1747 si
1078 1685 1204 1748 domum
1220 1685 1369 1748 locatione
1380 1683 1475 1747 babes
1587 1756 1588 1763 ἵ

384 1783 483 1862 pretio
498 1780 664 1855 ordinario,
682 1782 735 1846 sed
752 1782 878 1846 domum
892 1782 1093 1846 collabentem
1108 1782 1279 1846 inhabitare
1294 1798 1356 1846 uon
1375 1791 1472 1862 potes,

385 1897 448 1946 nou
463 1881 575 1945 teneris
589 1881 627 1944 ad
643 1880 774 1961 pretium
789 1891 924 1961 pactum.
938 1880 1036 1956 Quod,
1048 1881 1080 1944 ni
1096 1879 1244 1954 fallimur,
1261 1897 1297 1944 err
1313 1880 1475 1961 principiis

386 1981 465 2044 circa
491 1979 684 2053 locationem,
710 1978 1134 2060 emptionem-venditionem,
1159 1990 1232 2056 eta,
1255 1979 1424 2043 universim
1442 1979 1475 2041 iu
1588 2008 1589 2045 r

386 2077 513 2144 scientia
531 2077 640 2142 morali
656 2078 796 2158 receptis,
815 2087 924 2158 sponte
940 2076 1045 2158 liquet.
1063 2077 1150 2141 Uutle
1168 2077 1354 2151 aestimatio,
1369 2094 1475 2157 qaam-

384 2177 431 2240 m'a
445 2177 625 2252 commanis,
642 2194 704 2238 unu
720 2175 831 2238 tribuit
846 2175 1137 2251 aestimabilitatem,
1153 2175 1207 2239 aad
1220 2177 1379 2258 supponit.

427 2275 514 2349 Quod
528 2291 611 2339 nunc
624 2274 663 2338 ad
677 2275 852 2356 analogiam
874 2276 992 2350 attinet,
1009 2291 1087 2355 quae
1108 2276 1160 2339 bic
1177 2275 1278 2338 alierri
1299 2275 1387 2349 solet,
1405 2290 1473 2338 cum

385 2375 477 2440 domo
503 2391 563 2454 qua
587 2375 658 2454 quis
684 2390 745 2439 uou
771 2382 915 2445 uteretur,
941 2382 971 2438 et
995 2373 1082 2452 cujus
1105 2382 1207 2438 mmeu
1233 2390 1307 2438 usus
1331 2389 1473 2454 compen-

387 2471 812 2550 sanuusessu,juua1uouo
835 2471 915 2536 dicta
933 2471 1014 2550 juste
1035 2471 1140 2536 forsan
1161 2481 1323 2554 negaretur
1343 2471 1474 2552 pretium

387 2588 473 2647 usus,
491 2572 517 2635 si
539 2571 673 2635 carentia
695 2587 769 2635 usus
790 2571 921 2634 oriretur
939 2588 978 2634 aa
990 2570 1067 2634 nitio
1081 2572 1128 2634 rei
1142 2571 1243 2652 ipsius
1258 2590 1269 2636 .·
1285 2587 1378 2651 quam
1392 2571 1474 2635 solu·
1590 2610 1591 2633 1

388 2670 502 2734 tionem
517 2685 609 2750 supra
628 2686 646 2732 a
668 2669 838 2733 scolasticis
857 2669 984 2733 mutuati
1003 2684 1122 2733 sumus.
1142 2671 1207 2734 lloc
1223 2677 1324 2734 autom
1341 2678 1474 2751 praeter·

387 2767 495 2842 misso,
525 2783 607 2832 nunc
632 2777 748 2830 tautum
778 2767 897 2832 dicatur
923 2784 930 2830 :
958 2767 985 2830 si
1011 2766 1086 2847 quid
1111 2784 1203 2848 supra
1231 2768 1392 2849 probatum
1418 2777 1472 2841 est,

388 2866 497 2929 saltem
512 2866 611 2929 elucet
625 2881 687 2928 nou
702 2882 769 2930 esse
780 2866 968 2946 analogiam,
980 2866 1080 2945 quoad
1094 2866 1384 2942 aestimabilitatem,
1398 2867 1476 2930 iuter

388 2982 478 3029 usum
499 2965 646 3047 pecuniae
661 2965 693 3028 iu
709 2982 741 3028 se
756 2965 1018 3046 consumptibilis,
1034 2973 1063 3029 et
1084 2981 1173 3030 usum
1194 2965 1303 3031 domus
1325 2975 1355 3030 et
1376 2981 1475 3030 rerum

388 3063 421 3126 iu
446 3079 479 3128 se
504 3063 760 3144 permanentium.
789 3063 847 3137 Qui
873 3063 998 3127 domum
1025 3063 1230 3137 conduxisset,
1254 3065 1395 3144 quamuis
1417 3080 1475 3128 nou

389 3164 600 3241 inhabitasset,
618 3164 656 3227 ad
672 3164 804 3244 pretium
821 3172 993 3227 teneretur:
1008 3179 1077 3228 cum
1092 3179 1201 3226 sensus
1212 3163 1384 3227 communis
1397 3163 1475 3227 loca·

389 3264 483 3328 tiouis
498 3264 628 3344 pretium
643 3263 793 3334 aestimet,
812 3271 842 3326 et
856 3279 926 3326 cum
941 3263 996 3326 illa
1010 3263 1181 3326 aestimatio
1196 3263 1230 3325 iu
1244 3279 1315 3327 vera
1332 3272 1362 3326 et
1377 3263 1475 3342 objec-

388 3362 450 3424 tiva
465 3377 540 3424 usus
555 3360 664 3425 domus
679 3360 927 3425 aestimabilitate
939 3361 1068 3438 nitatur;
1091 3369 1122 3423 et
1142 3361 1210 3424 ideo
1233 3360 1408 3437 locatarius,
1425 3360 1475 3440 qui

390 3460 501 3525 domus
516 3477 618 3537 usum,
635 3471 754 3540 praeter
769 3460 906 3535 domum,
920 3475 990 3523 uere
1005 3460 1226 3524 aestimabilem
1241 3469 1272 3524 et
1285 3461 1476 3524 aestimatum

388 3560 513 3640 recepit,
537 3559 576 3622 ad
598 3559 730 3640 pretium
749 3558 865 3636 justum
888 3566 1016 3623 tenetur.
1040 3559 1182 3636 Ecoutra,
1205 3558 1334 3636 debitor,
1356 3560 1410 3640 qui
1425 3577 1476 3641 pe-

387 3659 498 3723 cuniae
516 3675 618 3735 usum,
642 3658 675 3720 iu
696 3674 769 3722 casu
789 3659 858 3734 boc,
881 3674 944 3722 uon
964 3658 1188 3723 aestimabilem
1207 3658 1335 3739 recepit,
1357 3658 1476 3722 etiamsi

389 3756 598 3832 aestimatum,
618 3756 656 3820 ad
671 3757 804 3837 pretium
819 3773 856 3820 ex
870 3773 954 3821 mero
969 3773 1027 3820 usu
1046 3757 1131 3821 illius
1148 3757 1371 3821 «instrumenti
1386 3781 1400 3816 ›
1418 3774 1477 3822 nou

390 3863 521 3919 tenetur.

432 3954 512 4035 Ergo
528 3954 650 4017 tandem
665 3954 837 4018 aestimatio
858 3953 1005 4018 hodierna
1026 3954 1199 4018 communis
1218 3969 1296 4033 qnae
1317 3954 1478 4034 pecuniam

389 4051 483 4117 habet
502 4052 738 4118 instrumentum
761 4054 833 4130 tale,
856 4053 942 4131 cujus
963 4068 1037 4116 usus
1056 4053 1097 4116 sit
1110 4051 1331 4133 appretiabilis,
1349 4069 1420 4117 vera
1435 4058 1478 4116 est

392 4159 423 4213 et
444 4151 525 4229 justa
551 4152 715 4217 dummodo
741 4169 809 4217 vere
831 4169 905 4217 usus
925 4151 1012 4215 illius
1037 4151 1184 4232 pecuniae
1205 4152 1245 4215 sit
1265 4151 1474 4218 aestimabilis.
