3242 4959
326 462 390 508 car.
408 463 429 508 1.
447 460 753 540 rnrncrrnscrmrme
767 462 973 509 mcouourcus.
1134 445 1193 530 lib

100 624 149 686 rei
164 624 470 706 acquloolcrcoulorl
484 624 615 688 humaui
630 625 743 688 loboris
764 626 819 705 qui
842 624 915 690 dulc
938 627 985 690 rei
1005 627 1096 701 laert,
1112 626 1198 702 unde
1297 656 1303 668 ·

100 722 242 786 laborem
263 723 388 787 unicum
412 724 540 788 existere
562 723 745 788 elementum
768 724 991 804 productivum,
1016 723 1062 788 vel
1084 725 1195 810 saltent

101 822 610 902 naturam,quamvisproduotioni
618 832 789 896 concurrat,
799 839 869 886 oum
881 824 1012 905 gratuito
1021 832 1192 908 concurrat,

101 921 141 984 ad
157 921 293 984 valorem
309 921 490 1000 productum
505 920 729 985 aestimandum
745 922 921 986 nullatenus
936 921 1059 986 referre.

143 1019 193 1084 Ab
215 1018 310 1082 altera
331 1029 416 1099 parte
430 1019 584 1089 statuitur,
601 1019 640 1083 de
658 1018 738 1083 iacto
758 1018 923 1082 hodiedum
945 1029 1061 1100 partem
1083 1019 1198 1083 valoris

102 1117 230 1198 capitali
246 1118 383 1194 attribui,
400 1134 466 1193 seu,
484 1118 610 1194 laboris,
627 1118 770 1182 elementi
786 1119 968 1198 productivi,
987 1120 1088 1182 valore
1103 1118 1199 1182 aesti.

101 1224 187 1279 mato
203 1225 231 1279 et
247 1216 358 1289 soluto,
375 1224 465 1296 prout
479 1217 512 1278 in
527 1216 670 1280 societate
686 1216 832 1279 moderna
853 1216 891 1279 de
916 1215 995 1280 iacto
1016 1216 1198 1279 aestimatur

103 1321 133 1376 et
158 1312 299 1388 soluitur,
327 1314 479 1393 reliquum
505 1329 573 1376 esse
598 1313 752 1393 quoddam
782 1313 1003 1378 incrementum
1028 1315 1110 1394 quod
1144 1330 1197 1377 ca·
1246 1319 1248 1322 ’

104 1413 192 1492 pitali
216 1412 369 1476 obveniat.
399 1413 498 1486 Unde,
525 1412 606 1491 quod
636 1413 797 1493 praecipue
823 1412 1139 1488 animadvertendum,
1163 1413 1196 1475 iu

104 1510 213 1574 eadem
229 1511 352 1573 notione
363 1509 598 1583 fundamentali,
612 1526 703 1590 quam
719 1510 860 1590 capitalis
872 1510 1010 1574 moderni
1021 1511 1198 1586 statuimus,

104 1609 290 1673 aduersariis
305 1609 508 1684 consentiunt,
526 1610 665 1689 quamuis
680 1609 858 1672 nullomodo
879 1609 936 1673 sub
958 1609 1064 1673 eadem
1085 1626 1120 1673 ao
1141 1608 1194 1673 alii

105 1709 292 1772 formalitate
313 1708 442 1789 capitale
466 1709 624 1773 deliniant.
643 1708 784 1788 ideoque,
803 1709 835 1771 in
857 1715 918 1771 tota
942 1710 999 1772 bac
1021 1709 1197 1789 quaestione

106 1806 312 1882 tractandae
334 1806 547 1887 terminologia
569 1815 599 1869 et
621 1822 639 1868 a
660 1807 901 1882 delinitionibus,
920 1823 997 1887 quae
1019 1807 1100 1887 apud
1121 1806 1202 1870 alios

107 1907 186 1970 aliae
201 1907 404 1988 reperiuntur,
421 1915 533 1970 statuto
549 1907 679 1970 consilio
694 1907 912 1970 abstinendum
927 1907 1082 1972 duximus.

148 2006 273 2079 Verum,
294 2005 376 2085 quod
401 2005 571 2068 auctarium
593 2005 646 2068 alii
671 2005 788 2083 justum
815 2014 1075 2087 praesupponunt,
1103 2004 1199 2069 socia·

108 2104 197 2167 listae
219 2120 345 2184 prorsus
366 2105 562 2167 inhonestum
586 2103 748 2167 adstruunt
771 2122 778 2167 :
803 2105 885 2185 quod
904 2106 967 2184 jam
990 2121 1027 2168 er
1047 2105 1199 2186 principio

109 2202 209 2283 posito
224 2203 332 2265 elucet.
357 2203 433 2265 Cum
455 2202 595 2281 capitalis
619 2201 758 2265 moderni
780 2202 964 2266 ioecunditas
987 2203 1148 2283 praecipue
1169 2210 1198 2266 et

110 2302 195 2381 quasi
224 2301 322 2381 typice
348 2312 492 2381 appareat
517 2301 548 2362 in
574 2316 676 2363 rerum
698 2301 896 2380 productione
919 2299 1104 2376 industriali,
1127 2301 1203 2364 huic

110 2401 249 2463 animum
263 2400 466 2464 attendamus.
1198 2471 1203 2484 .

149 2499 198 2563 Ad
219 2499 402 2578 injustitiam
420 2499 548 2563 auctarii
564 2500 687 2580 capitali
703 2500 807 2563 tributi
825 2499 1025 2579 probandam,
1045 2502 1081 2564 ll.
1099 2489 1208 2578 Marx,

110 2599 161 2679 qui
196 2598 358 2678 praecipue
386 2599 458 2660 huic
487 2599 620 2662 theoriae
650 2598 778 2662 formam
809 2600 1008 2662 scientificam
1039 2599 1199 2680 imposuit,

111 2699 220 2762 dividit
241 2699 380 2778 capitale,
398 2699 478 2779 quod
505 2699 544 2763 ad
570 2700 797 2780 producendum
825 2700 996 2774 adhibetur,
1014 2700 1046 2762 in
1068 2697 1203 2781 capitolo

111 2802 253 2860 coortum
264 2797 383 2876 (capital
397 2806 547 2874 constant,
562 2808 718 2861 constante
731 2798 853 2878 capital)
865 2807 895 2861 et
906 2799 1039 2879 capitale
1050 2797 1200 2861 variabile

112 2896 231 2976 (capital
254 2895 399 2968 variable‚
429 2896 562 2960 rariable
583 2894 705 2975 capital)
729 2913 736 2958 :
761 2894 816 2957 ltoc
837 2897 1032 2960 constituitur
1057 2898 1199 2962 omnibus

112 2995 223 3075 quibus
249 2985 408 3057 laborandi
430 2995 526 3057 uirtus
547 2996 691 3074 opificum
718 3011 735 3057 a
760 2995 932 3074 capitalista
954 2997 1074 3070 emitur,
1099 2997 1203 3062 idest

112 3095 233 3158 salariis
254 3093 474 3173 operariorum,
498 3094 555 3156 sub
579 3095 687 3173 quatis
708 3094 865 3157 solvantur
887 3094 1002 3173 lorma;
1026 3094 1104 3157 illud
1126 3110 1199 3158 con·

112 3193 247 3255 stituitur
258 3192 385 3255 caeteris
396 3191 607 3272 productionis
618 3194 842 3268 instrumentis,
858 3211 884 3253 v.
899 3211 929 3274 g.
948 3194 1074 3257 materia
1088 3194 1198 3274 prima,

113 3291 324 3373 instrumentis
339 3292 464 3355 laboris
483 3292 524 3355 nt
537 3293 611 3355 baec
627 3293 767 3373 capitalis
786 3309 858 3373 pars
879 3309 934 3372 per
955 3300 1050 3355 toturn
1070 3293 1201 3372 produc·

111 3393 206 3455 tionis
227 3401 349 3472 tempus
371 3393 472 3455 valore
498 3403 642 3456 constans
667 3404 770 3457 manet
796 3410 832 3456 ac
857 3393 1072 3471 invariabilis;¹
1090 3394 1202 3458 etenim

113 3506 181 3554 curn
204 3489 289 3553 valor
310 3490 409 3569 ipsius
430 3491 620 3571 aequivaleat
640 3491 737 3555 labori
760 3508 821 3571 quo
847 3491 887 3554 sit
911 3492 1046 3566 edoctus,
1070 3501 1206 3573 quantus

113 3603 182 3657 ante
204 3592 435 3673 productionem
454 3601 511 3668 est,
528 3601 642 3667 tantus,
660 3609 716 3656 uec
730 3593 827 3671 major
842 3609 898 3656 uec
913 3593 1024 3668 minor,
1041 3593 1074 3655 in
1089 3606 1203 3664 novum

114 3691 294 3772 productum
317 3691 425 3755 transit
441 3693 486 3768 (r).
504 3692 635 3755 Euontra
650 3690 744 3754 altera
760 3691 901 3771 capitalis
916 3706 986 3770 pars
1001 3706 1055 3770 per
1070 3689 1202 3770 produce

146 3908 180 3970 (l)
197 3908 254 3964 lloc
265 3907 346 3974 plene
357 3907 521 3974 applicatur,
533 3922 597 3962 cunt
608 3908 699 3973 agitur
715 3906 750 3962 de
766 3920 805 3970 re,
820 3909 852 3962 ut
867 3909 933 3963 sunt
948 3905 1076 3962 materiae
1088 3905 1201 3971 primae,

114 3995 184 4047 quae
195 3984 251 4037 tota
264 3983 362 4038 transit
374 3981 590 4038 substantialiter
606 3983 633 4036 in
650 3995 751 4038 novum
765 3980 944 4047 productum
960 3993 1023 4034 curn
1035 3991 1101 4033 vero
1112 3978 1205 4044 agitur

115 4054 148 4110 de
167 4069 196 4115 re
214 4070 264 4122 per
281 4055 392 4122 aliquod
411 4059 521 4122 tempus
542 4057 726 4122 permanente,
745 4063 777 4110 ut
797 4060 863 4110 sunt
883 4053 1033 4116 machinae,
1052 4052 1081 4106 in
1101 4066 1207 4108 nouum

115 4127 280 4192 productum
299 4129 452 4195 ingreditur
470 4144 525 4185 uon
543 4129 620 4184 valor
637 4129 723 4185 totius
740 4129 790 4188 rei,
803 4127 851 4184 sed
869 4127 944 4183 valor
955 4127 1058 4182 abusus
1069 4125 1203 4194 partialis.

118 4201 201 4268 Quod,
214 4206 248 4259 ut
259 4206 342 4270 patet,
356 4217 411 4258 non
423 4202 585 4259 contradicit
598 4203 732 4270 principio
744 4203 845 4268 posito.
1137 4215 1139 4218 ·
