3242 4959
454 467 518 515 cnr.
536 468 567 514 u.
585 468 623 514 nn
637 466 799 516 courmenu
815 467 940 514 munim.
1177 451 1241 518 263

147 633 337 714 completum
363 633 400 698 de
424 634 482 698 hac
505 634 631 699 materia
656 642 817 699 tractatum
840 634 1163 710 conscribendorum
1184 633 1240 698 illa

146 733 304 815 principia
319 732 457 814 indagari
473 742 502 796 et
516 735 695 798 confirmare
709 749 787 814 quac
801 732 975 798 essentialia
990 732 1150 798 videantur
1160 740 1190 796 et
1200 733 1240 796 ad

147 839 267 896 statum
280 831 468 912 quiaestionis
483 831 663 896 hodiernum
678 830 858 896 solvendum
873 831 1094 900 concurrentia.
1112 830 1180 896 ideo
1201 830 1241 894 dc

146 932 215 996 illis
231 939 347 996 tantum
363 931 460 996 titulis
476 932 667 1012 inquiremus
688 947 819 1012 quorum
840 932 922 995 notio
943 931 1100 995 hodiernis
1120 931 1240 1011 aliqua·

147 1042 242 1096 tenus
257 1032 416 1096 obscurata
430 1031 471 1096 sit
485 1032 531 1095 vel
548 1031 585 1096 de
600 1032 711 1112 ouibus
725 1031 930 1096 controversia
944 1030 1044 1096 adbuc
1059 1032 1168 1108 vigeat.

190 1130 314 1196 Titulus
340 1130 485 1211 temporie
507 1130 570 1208 jam
596 1130 737 1194 exclusus
762 1138 808 1194 est
832 1147 839 1193 :
867 1146 936 1194 cum
961 1140 1063 1195 autem
1089 1129 1240 1211 principia

147 1229 290 1310 exposita
304 1228 496 1308 applicentur
510 1229 655 1308 temporis
670 1228 769 1308 spatio
785 1228 848 1292 sive
863 1228 992 1292 breviori
1009 1229 1073 1292 siue
1094 1228 1237 1308 longiori,

148 1326 319 1392 dummodo
334 1343 396 1390 non
417 1327 469 1390 alii
488 1327 563 1404 justi
586 1327 665 1390 tituli
690 1326 821 1407 longiori
846 1327 974 1407 tempori
996 1327 1171 1391 subsint-
1186 1327 1239 1408 qui

148 1442 227 1489 sane
242 1425 291 1488 uir
307 1419 343 1488 de
358 1423 440 1489 lacto
455 1441 514 1488 non
531 1426 729 1489 suberunt-
740 1425 861 1488 nullum
875 1423 1109 1490 tundamentum
1123 1425 1240 1505 perspi·

148 1525 232 1588 citur
253 1523 291 1588 ad
313 1523 561 1600 distinguendum
583 1524 661 1586 inter
682 1533 803 1608 tempus
824 1533 853 1588 et
875 1533 1004 1605 tempus.
1020 1524 1112 1587 Tituli
1133 1522 1242 1586 dannan

149 1623 345 1704 emergentia.
366 1623 500 1704 perdenti
524 1623 629 1698 sortis,
653 1640 687 1688 ac
708 1639 818 1705 poenoc
838 1624 1077 1687 conventionalia
1098 1624 1241 1706 pluribus

149 1722 266 1787 adbinc
290 1723 420 1786 saeculis
445 1731 527 1786 extra
552 1722 759 1801 quaestionem
785 1723 876 1803 positi
904 1731 985 1787 sunt.
1008 1723 1096 1787 Unde
1121 1731 1242 1786 tantum

148 1828 291 1884 remanet
308 1819 460 1900 agendum
482 1819 519 1884 de
542 1821 630 1883 titulo
652 1820 731 1884 litori
751 1821 909 1896 emanatio,
930 1831 960 1884 et
983 1820 1020 1884 de
1041 1821 1142 1893 titulo,
1164 1821 1242 1886 olim

150 1917 270 1999 ignoto,
289 1917 362 1997 lepis
377 1917 487 1982 ciuilia.

510 2170 524 2243 t
539 2168 562 2230 l.
584 2167 626 2229 lle
640 2166 724 2229 lucro
738 2173 882 2231 cessante.

193 2380 356 2443 Notionem
372 2388 401 2442 ot
415 2380 565 2460 principia
582 2380 755 2459 hujusmodi
771 2381 851 2445 tituli
864 2393 897 2444 ut
909 2381 971 2460 J'am
983 2381 1127 2445 scientiae
1138 2381 1242 2461 acqui·

152 2480 211 2542 sita
229 2485 487 2562 praesupponunt
507 2477 658 2543 hodierni.
683 2480 769 2545 Unde
792 2497 852 2544 non
872 2481 935 2559 jam
956 2497 1061 2545 curare
1082 2480 1181 2543 solent
1202 2478 1241 2544 de

74 2643 75 2648 ,
151 2579 260 2642 eodem
284 2579 340 2640 rite
364 2577 562 2658 intelligendo
581 2595 617 2642 ao
638 2578 825 2660 exponendo.
845 2579 915 2643 ldeo
931 2579 1042 2660 duplex
1057 2579 1146 2642 nobis
1161 2579 1240 2642 ratio

151 2685 199 2740 est
213 2677 265 2740 lric
286 2677 438 2756 principia
458 2677 567 2740 iterum
590 2676 762 2757 inquirendi
782 2695 789 2740 :
807 2678 901 2758 prior,
920 2696 958 2742 no
980 2680 1012 2741 in
1034 2678 1240 2758 applicatione

152 2775 210 2838 iste
233 2775 340 2838 titulus
361 2776 454 2838 nimis
474 2777 692 2856 restringatur,
714 2775 868 2848 etaltera,
893 2793 930 2839 ne
952 2788 985 2840 ut
1006 2776 1239 2839 fundamentum

152 2882 327 2938 assumatur
341 2873 474 2937 theoriae
489 2875 646 2953 cuiusdam
661 2874 755 2936 nimio
769 2873 925 2937 absolutae
938 2891 974 2938 ae
988 2883 1139 2939 extensae.

354 3133 392 3184 A.
410 3133 458 3184 Do
473 3132 615 3196 genuina
630 3131 756 3186 notione
772 3131 858 3184 lucri
872 3131 1042 3184 mmtis.

194 3320 385 3399 Inquirentes
397 3320 567 3385 deuotione
580 3331 608 3384 et
619 3321 762 3399 genuinis
772 3320 933 3401 principiis
944 3319 1024 3383 lucri
1034 3320 1180 3383 coeuntis
1191 3323 1238 3398 (tl,

153 3418 195 3481 ita
211 3419 317 3482 intime
332 3418 371 3482 ad
386 3419 573 3482 oeconomica
587 3418 666 3483 facta
681 3430 711 3483 ot
725 3419 844 3499 praxim
859 3419 1037 3499 attingimus
1054 3427 1088 3512 ut
1103 3419 1151 3481 vix
1166 3435 1239 3498 pos·

187 3634 223 3697 (l)
233 3634 271 3688 Ex
284 3634 317 3689 iis
328 3647 398 3701 uuae
407 3633 452 3688 hic
461 3633 610 3698 trademus,
621 3636 694 3700 patet
703 3632 769 3700 ouid
778 3633 951 3690 sentiendum
963 3633 999 3689 sit
1010 3632 1045 3689 de
1056 3633 1162 3689 theoria
1170 3631 1239 3688 mul·

155 3717 248 3773 torum
260 3715 509 3779 oeconomistarum
523 3715 595 3771 dicta
606 3734 622 3764 «
630 3716 736 3772 theoria
747 3714 927 3771 abstinentiae
936 3731 961 3777 a.
974 3714 1081 3771 theone
1093 3715 1127 3772 de
1139 3714 1239 3772 l'absti·

154 3812 250 3862 nenne,
261 3797 565 3861 Abstinenztbeorielol.
575 3813 666 3866 supra,
676 3813 702 3864 p.
711 3797 752 3860 tt,
766 3798 833 3859 lto).
842 3799 927 3863 Quam
935 3798 1093 3864 probamus,
1103 3802 1239 3865 quatenus

155 3883 367 3938 «abstinentia»
379 3881 425 3937 illa
437 3880 582 3938 creditoris
593 3896 656 3937 oum
669 3881 735 3936 reali
747 3881 829 3937 tilulo
841 3881 911 3937 lucri
923 3881 1055 3937 cessantis
1066 3881 1154 3936 aliove
1164 3880 1238 3936 ooin·

155 3963 235 4029 oidit;
259 3967 287 4020 et
310 3979 398 4030 uuam.
416 3977 530 4030 prorsus
553 3963 702 4031 rejicimus.
725 3967 861 4029 quatenus
879 3980 895 4010 «
904 3963 1066 4019 abstinentia
1075 3977 1091 4008 >a
1111 3963 1148 4018 sit
1170 3961 1238 4028 quid

155 4044 284 4103 fictitium
302 4051 330 4102 et
347 4047 461 4103 omnino
478 4046 669 4114 subjectivum.
689 4047 745 4102 lloc
761 4059 843 4102 sensu
862 4045 1009 4109 intellecta,
1027 4047 1149 4101 meretur
1169 4046 1239 4102 hanc

156 4130 318 4186 sententiam
335 4142 350 4183 a
368 4129 503 4184 Lnssnmn
519 4132 613 4183 contra
629 4141 689 4183 eam
705 4127 785 4183 latam
798 4146 807 4182 .·
820 4126 871 4183 «le
882 4127 965 4194 profit
982 4127 1019 4183 du
1038 4127 1135 4193 capital
1153 4131 1195 4184 est
1213 4127 1240 4183 lo

156 4210 252 4268 salaire
269 4211 318 4267 des
337 4211 486 4277 privations
498 4209 783 4276 (Entbebrungslohn).
795 4209 850 4266 blot
863 4208 996 4276 beureux‚
1009 4209 1175 4278 impayable!
1189 4211 1240 4266 Les
