3242 4959
400 454 464 520 172
771 473 845 518 raus
860 472 981 519 uernat.
998 473 1078 519 sacr.
1095 474 1116 518 1.

398 637 499 702 solam
514 636 589 701 dicit
602 637 828 717 (Philosophus)
845 653 911 700 esse
926 637 1108 712 naturalem,
1125 636 1198 717 quia
1217 636 1256 700 ad
1278 635 1487 700 commutatio·

401 751 472 798 nem
498 752 602 798 reram
623 735 818 798 naturalium
840 734 999 798 ordinatur
1023 752 1029 798 :
1054 735 1136 814 quod
1157 734 1230 799 lacit
1246 735 1412 816 propriam
1434 752 1487 798 nu·

400 834 523 909 misma,
544 842 574 898 et
594 851 657 898 nou
677 835 774 910 aliud,
791 843 826 898 ut
846 835 967 914 anjam
989 834 1079 898 dictis
1099 842 1225 915 apparot
1241 857 1255 890 a
1274 835 1322 911 (ι).
1339 835 1444 914 ltaque
1458 833 1488 896 in

398 933 523 1013 proprio
539 933 725 997 numismate
743 949 817 1012 erga
840 949 889 998 res
911 933 1090 997 naturaliter
1113 933 1203 996 utiles
1224 932 1393 997 absolvitur
1413 932 1487 996 ratio

397 1031 557 1110 pecuniae.
574 1031 646 1102 Sed,
663 1039 697 1094 ut
705 1034 772 1109 jam
788 1033 974 1107 notavimus·
990 1031 1145 1094 numisma
1162 1047 1311 1111 «semper
1325 1047 1388 1096 uon
1408 1030 1487 1095 ordi·

397 1129 522 1193 nahitnr
549 1130 588 1193 ad
612 1131 883 1210 permutationes»
901 1147 1003 1194 rerum
1028 1130 1193 1194 venalium.
1220 1131 1289 1193 «Ει
1315 1131 1373 1194 hoc
1399 1130 1487 1194 etiam

397 1229 490 1292 habat
509 1230 666 1292 vemmtem
686 1230 720 1291 in
741 1230 813 1292 aliis
836 1229 996 1310 speciebus
1017 1230 1215 1309 pecuniarum
1230 1229 1358 1306 [scilicet
1371 1238 1488 1309 praeter

396 1330 668 1407 numismaticaml‚
686 1331 748 1394 imo
764 1330 909 1409 amplius.
928 1331 1008 1393 utin
1034 1331 1217 1410 campsoria,
1235 1345 1313 1409 ιμιιιι
1334 1345 1397 1392 nou
1423 1345 1487 1416 pro·

399 1430 466 1510 prio
487 1429 646 1494 ordinatur
665 1439 699 1494 ut
720 1431 761 1493 sit
780 1447 924 1494 mensura
945 1445 1046 1494 rerum
1068 1429 1233 1500 venalium,
1257 1428 1310 1493 sed
1331 1430 1431 1510 magis
1451 1429 1487 1492 ad

399 1523 653 1607 permutationem
688 1528 921 1592 numismatis»
955 1530 1003 1605 (a).
1034 1527 1107 1592 lude
1136 1527 1290 1591 euidenter
1324 1535 1487 1590 constata

397 1627 430 1690 S.
448 1628 565 1691 Thomu
579 1627 732 1692 cambium
747 1628 852 1690 haberi
867 1637 901 1691 ut
915 1635 1102 1690 contractum
1118 1625 1352 1714 permutationis
1370 1627 1486 1689 numis-

396 1723 492 1788 matis
512 1741 583 1788 cum
605 1727 800 1800 numismate,
825 1743 902 1805 quae
924 1725 1155 1789 considerentur
1175 1741 1237 1788 non
1258 1731 1292 1786 ιιι
1313 1747 1327 1780 «
1345 1740 1486 1787 mensura

397 1837 501 1885 rerum
516 1824 669 1888 venalium
683 1848 711 1897 ι,
728 1824 781 1888 sed
797 1835 830 1888 ιιι
847 1824 993 1904 «aliquid
1016 1841 1070 1904 per
1092 1841 1167 1899 se»,
1184 1824 1246 1886 imo
1265 1823 1435 1902 «quamuis
1448 1824 1486 1886 sit

396 1935 570 1984 mensura»
587 1938 688 1986 rerum
704 1924 868 1986 venalium.
885 1923 965 1986 Aliis
979 1923 1091 1998 verbis,
1109 1922 1141 1984 iu
1160 1921 1279 1986 cambio
1302 1923 1485 1985 numismata

399 2026 434 2084 ut
454 2036 569 2084 meroes
594 2022 755 2097 habentur»,
782 2021 910 2102 proinde
936 2020 1103 2085 secundum
1128 2015 1261 2084 valorem
1286 2021 1484 2084 intrinsecum

301 2130 303 2133 ·
398 2121 617 2200 permutandae
640 2139 647 2183 :
671 2129 701 2184 ιι
722 2122 764 2184 ita
790 2137 859 2184 vera
885 2121 1078 2184 constituitur
1104 2137 1205 2184 rernm
1226 2121 1418 2202 permutatio
1438 2123 1482 2198 (at.

398 2219 484 2292 Quod
500 2229 601 2282 autem
616 2220 654 2283 ad
677 2220 842 2284 liceitatem
863 2221 970 2283 attinet
990 2220 1114 2294 cambii,
1132 2219 1164 2282 id
1185 2229 1231 2282 est
1251 2218 1483 2298 permutationis

396 2326 587 2381 monetarum
613 2336 673 2398 qua
704 2319 822 2382 lucrum
852 2319 1017 2398 quaeritur,
1046 2316 1314 2397 praetermittendo
1343 2335 1379 2381 aa
1408 2335 1481 2398 quaa

394 2415 428 2478 S.
442 2416 574 2479 Thomas
584 2417 742 2480 Aristoteli
754 2424 890 2491 annotat,
905 2425 934 2479 ιι
945 2415 1115 2480 doctrinam
1130 2415 1297 2480 hauriendo
1310 2415 1481 2479 arsamum

362 2519 364 2521 ’
400 2515 590 2597 Theolopicm
618 2519 692 2581 hacc
711 2518 840 2582 dicanda
862 2517 1003 2582 videntur
1020 2535 1027 2580 :
1045 2517 1150 2581 eadem
1172 2533 1298 2598 prorsus
1321 2517 1426 2580 statuit
1446 2516 1480 2580 do

393 2617 633 2680 commutatione
648 2633 909 2698 quarumcumque
925 2634 1026 2681 rerum
1042 2618 1080 2681 ad
1096 2617 1248 2691 denarios,
1266 2617 1388 2696 qnando
1410 2619 1481 2680 haec

396 2716 430 2778 dt
456 2733 550 2779 «uon
574 2724 699 2796 propter
726 2733 775 2780 ros
803 2717 990 2781 necessarias
1014 2717 1103 2792 vitae,
1131 2718 1185 2780 sed
1213 2725 1338 2797 propter
1365 2717 1479 2781 lucrum

393 2814 631 2894 quaerendum»
649 2816 684 2892 tt)
702 2831 709 2877 :
726 2823 756 2877 ιι
771 2815 848 2877 tales
864 2815 989 2894 quidem
1004 2815 1257 2878 commutationes
1273 2815 1395 2894 proprie
1413 2821 1480 2878 snut

393 2915 570 2994 negotiatio.
656 2937 658 2942 ·

425 3142 460 3204 (l)
477 3141 515 3198 ct.
528 3144 570 3195 De
582 3145 713 3209 repimtbe
723 3146 886 3208 ρνιιιιίριιιιι,
900 3145 928 3199 l.
942 3145 973 3209 ll,
987 3159 1011 3199 c.
1026 3143 1067 3199 13.

426 3224 461 3285 ll)
478 3224 515 3279 ct.
528 3225 576 3287 da,
588 3240 612 3280 o.
626 3225 668 3280 ll.

426 3306 461 3369 (3)
477 3309 504 3362 Si
513 3308 575 3364 heio
585 3308 761 3364 conferantur
770 3310 975 3375 quaesupratp.
985 3308 1114 3372 l68s.)ad
1123 3311 1142 3364 ι.
1152 3323 1186 3373 a,
1195 3324 1218 3365 c.
1230 3309 1270 3372 l3.
1281 3309 1479 3372 annotavimus.

392 3388 549 3447 addendum
565 3397 607 3448 est
624 3407 706 3449 unam
723 3407 758 3448 ex
775 3393 894 3449 monetis
911 3394 1073 3459 permutatis
1091 3407 1172 3458 posse
1189 3399 1220 3448 ut
1239 3393 1358 3459 pretium
1377 3392 1479 3456 haberi,

391 3473 1478 3541 quamvissemperalterautmerrhabeatur.(ll.munuanuStudico...‚Lolliis·

391 3559 494 3612 Auctor
502 3556 630 3622 opusculi
639 3557 681 3609 De
690 3559 789 3617 usura.
797 3570 856 3621 cap.
868 3556 1070 3621 lllll‚explioile
1078 3571 1092 3611 a
1101 3555 1208 3611 cambio
1217 3555 1338 3611 excludit
1347 3557 1480 3612 rationem

389 3638 729 3706 emptionis-venditionis·
738 3642 766 3693 et
778 3639 807 3692 in
818 3651 852 3694 ao
864 3639 974 3693 nonnisi
993 3639 1220 3703 permutationem
1238 3637 1350 3703 respicit
1363 3656 1370 3692 :
1383 3637 1480 3692 nihilo

393 3721 486 3777 minus
498 3720 644 3776 liceitatem
660 3720 729 3775 lucri
746 3720 866 3775 admittit
881 3734 962 3775 «uon
982 3720 1087 3774 ratione
1107 3720 1236 3786 pecuniae
1254 3732 1325 3786 uuae
1341 3718 1376 3774 de
1394 3733 1424 3776 se
1440 3722 1481 3775 est

394 3803 579 3868 invendibilia,
591 3802 640 3858 sed
659 3804 764 3858 ratione
780 3804 895 3869 periculi
915 3803 957 3858 vel
976 3803 1162 3867 interessent
1179 3803 1358 3858 subveniatur
1374 3803 1480 3859 salariis

392 3888 565 3953 pensionum,
578 3886 734 3949 domorum,
745 3886 1000 3953 ministrorumque,
1012 3888 1040 3941 et
1052 3885 1193 3941 laboribus
1205 3891 1233 3941 et
1243 3885 1370 3952 expensis
1383 3886 1411 3940 in
1422 3889 1480 3940 arta

392 3968 544 4023 necessaria
561 3969 590 4024 et
607 3967 691 4033 licita,
704 3981 739 4025 ne
757 3966 858 4023 lrustra
877 3971 980 4034 ponant
998 3981 1109 4034 operam
1126 3972 1155 4023 et
1171 3967 1301 4023 sudorem
1315 3981 1398 4023 suum
1411 3967 1440 4021 in
1451 3979 1479 4022 re

392 4048 465 4105 licita
477 4050 509 4105 ad
523 4051 669 4106 utilitatem
681 4050 808 4106 aliorum.
822 4064 838 4094 a
1522 4123 1523 4126 Ἴ

423 4133 458 4196 (ll
474 4133 512 4190 Gl.
525 4135 606 4199 2⁸20,
625 4150 652 4202 u.
672 4135 790 4199 LXXVII,
810 4148 835 4188 a.
855 4135 881 4197 l,
900 4148 935 4199 o.;
956 4133 1019 4189 coll.
1038 4133 1073 4186 Ιιι
1094 4134 1271 4188 Politt'corom
1290 4133 1318 4187 h.
1332 4135 1352 4197 l.
1372 4132 1434 4188 lect.
1453 4129 1477 4194 8,

390 4214 425 4271 ad
437 4215 529 4272 tinem.
