<?xml version="1.0" encoding="UTF-8"?>
<!DOCTYPE html PUBLIC "-//W3C//DTD XHTML 1.0 Transitional//EN"
    "http://www.w3.org/TR/xhtml1/DTD/xhtml1-transitional.dtd">
<html xmlns="http://www.w3.org/1999/xhtml" xml:lang="en" lang="en">
 <head>
  <title>
</title>
<meta http-equiv="Content-Type" content="text/html;charset=utf-8" />
  <meta name='ocr-system' content='tesseract 3.04.00' />
  <meta name='ocr-capabilities' content='ocr_page ocr_carea ocr_par ocr_line ocrx_word'/>
</head>
<body>
  <div class='ocr_page' id='page_1' title='image "./dejustoauctario00roeygoog_0280.png"; bbox 0 0 3242 4959; ppageno 0'>
   <div class='ocr_carea' id='block_1_1' title="bbox 429 463 1202 530">
    <p class='ocr_par' dir='ltr' id='par_1_1' title="bbox 429 463 1202 530">
     <span class='ocr_line' id='line_1_1' title="bbox 429 463 1202 530; baseline -0.001 0"><span class='ocrx_word' id='word_1_1' title='bbox 429 463 493 530; x_wconf 78' lang='lat' dir='ltr'>ato</span> <span class='ocrx_word' id='word_1_2' title='bbox 795 483 868 529; x_wconf 80' lang='lat' dir='ltr'>anns</span> <span class='ocrx_word' id='word_1_3' title='bbox 882 483 1002 529; x_wconf 73' lang='lat' dir='ltr'>numan.</span> <span class='ocrx_word' id='word_1_4' title='bbox 1020 483 1099 530; x_wconf 80' lang='lat' dir='ltr'>seer.</span> <span class='ocrx_word' id='word_1_5' title='bbox 1116 483 1149 529; x_wconf 92' lang='lat' dir='ltr'>n.</span> <span class='ocrx_word' id='word_1_6' title='bbox 1198 481 1202 491; x_wconf 77' lang='grc'><em>“</em></span> 
     </span>
    </p>
   </div>
   <div class='ocr_carea' id='block_1_2' title="bbox 423 645 1518 1803">
    <p class='ocr_par' dir='ltr' id='par_1_2' title="bbox 423 645 1518 1803">
     <span class='ocr_line' id='line_1_2' title="bbox 424 645 1514 728; baseline -0.002 -16"><span class='ocrx_word' id='word_1_7' title='bbox 424 647 620 712; x_wconf 86' lang='lat' dir='ltr'>convincitur</span> <span class='ocrx_word' id='word_1_8' title='bbox 644 647 725 727; x_wconf 84' lang='lat' dir='ltr'>quod</span> <span class='ocrx_word' id='word_1_9' title='bbox 745 646 795 711; x_wconf 91' lang='lat' dir='ltr'>bic</span> <span class='ocrx_word' id='word_1_10' title='bbox 819 646 974 727; x_wconf 85' lang='lat' dir='ltr'><strong>supponit.</strong></span> <span class='ocrx_word' id='word_1_11' title='bbox 999 646 1115 710; x_wconf 80' lang='lat' dir='ltr'>Deinde</span> <span class='ocrx_word' id='word_1_12' title='bbox 1136 645 1175 709; x_wconf 90' lang='lat' dir='ltr'>de</span> <span class='ocrx_word' id='word_1_13' title='bbox 1198 648 1294 728; x_wconf 74' lang='lat' dir='ltr'>lngo.</span> <span class='ocrx_word' id='word_1_14' title='bbox 1317 661 1387 710; x_wconf 90' lang='lat' dir='ltr'>cum</span> <span class='ocrx_word' id='word_1_15' title='bbox 1410 655 1514 727; x_wconf 88' lang='lat' dir='ltr'>postea</span> 
     </span>
     <span class='ocr_line' id='line_1_3' title="bbox 430 744 1515 825; baseline -0.004 -14"><span class='ocrx_word' id='word_1_16' title='bbox 430 746 468 811; x_wconf 89' lang='lat' dir='ltr'>de</span> <span class='ocrx_word' id='word_1_17' title='bbox 483 746 728 810; x_wconf 89' lang='lat' dir='ltr'>aestimabilitate</span> <span class='ocrx_word' id='word_1_18' title='bbox 743 745 950 823; x_wconf 80' lang='lat' dir='ltr'>fidejussionis</span> <span class='ocrx_word' id='word_1_19' title='bbox 967 761 1004 808; x_wconf 85' lang='lat' dir='ltr'>ex</span> <span class='ocrx_word' id='word_1_20' title='bbox 1026 744 1165 824; x_wconf 90' lang='lat' dir='ltr'>pmfesso</span> <span class='ocrx_word' id='word_1_21' title='bbox 1186 745 1260 825; x_wconf 79' lang='lat' dir='ltr'>agit,</span> <span class='ocrx_word' id='word_1_22' title='bbox 1283 745 1394 809; x_wconf 70' lang='lat' dir='ltr'>asserit</span> <span class='ocrx_word' id='word_1_23' title='bbox 1418 759 1515 808; x_wconf 81' lang='lat' dir='ltr'>«cum</span> 
     </span>
     <span class='ocr_line' id='line_1_4' title="bbox 431 843 1516 924; baseline -0.003 -15"><span class='ocrx_word' id='word_1_24' title='bbox 431 845 585 909; x_wconf 90' lang='lat' dir='ltr'>communi</span> <span class='ocrx_word' id='word_1_25' title='bbox 597 855 628 920; x_wconf 46' lang='lat'>¹»,</span> <span class='ocrx_word' id='word_1_26' title='bbox 648 845 703 907; x_wconf 78' lang='lat' dir='ltr'>«si</span> <span class='ocrx_word' id='word_1_27' title='bbox 726 844 879 922; x_wconf 75' lang='lat' dir='ltr'>fideiussio</span> <span class='ocrx_word' id='word_1_28' title='bbox 900 843 1071 924; x_wconf 88' lang='lat' dir='ltr'>periculosa</span> <span class='ocrx_word' id='word_1_29' title='bbox 1093 843 1144 920; x_wconf 89' lang='lat' dir='ltr'>sit,</span> <span class='ocrx_word' id='word_1_30' title='bbox 1165 844 1246 922; x_wconf 86' lang='lat' dir='ltr'>juste</span> <span class='ocrx_word' id='word_1_31' title='bbox 1266 843 1362 924; x_wconf 87' lang='lat' dir='ltr'>accipi</span> <span class='ocrx_word' id='word_1_32' title='bbox 1385 843 1516 924; x_wconf 81' lang='lat' dir='ltr'>pretimu</span> 
     </span>
     <span class='ocr_line' id='line_1_5' title="bbox 424 941 1512 1024; baseline -0.002 -18"><span class='ocrx_word' id='word_1_33' title='bbox 424 958 485 1024; x_wconf 90' lang='lat' dir='ltr'>pro</span> <span class='ocrx_word' id='word_1_34' title='bbox 500 958 536 1006; x_wconf 90' lang='lat' dir='ltr'>ea</span> <span class='ocrx_word' id='word_1_35' title='bbox 551 942 765 1020; x_wconf 89' lang='lat' dir='ltr'>subcunda;...</span> <span class='ocrx_word' id='word_1_36' title='bbox 784 943 810 1004; x_wconf 92' lang='lat' dir='ltr'>si</span> <span class='ocrx_word' id='word_1_37' title='bbox 825 951 927 1006; x_wconf 88' lang='lat' dir='ltr'>autem</span> <span class='ocrx_word' id='word_1_38' title='bbox 941 941 1027 1006; x_wconf 92' lang='lat' dir='ltr'>nullo</span> <span class='ocrx_word' id='word_1_39' title='bbox 1039 941 1129 1005; x_wconf 93' lang='lat' dir='ltr'>modo</span> <span class='ocrx_word' id='word_1_40' title='bbox 1141 942 1182 1005; x_wconf 91' lang='lat' dir='ltr'>sit</span> <span class='ocrx_word' id='word_1_41' title='bbox 1192 942 1403 1022; x_wconf 89' lang='lat' dir='ltr'>periculosa...</span> <span class='ocrx_word' id='word_1_42' title='bbox 1417 941 1512 1005; x_wconf 89' lang='lat' dir='ltr'>faten-</span> 
     </span>
     <span class='ocr_line' id='line_1_6' title="bbox 428 1039 1516 1121; baseline -0.003 -16"><span class='ocrx_word' id='word_1_43' title='bbox 428 1040 501 1105; x_wconf 92' lang='lat' dir='ltr'>dum</span> <span class='ocrx_word' id='word_1_44' title='bbox 517 1048 573 1114; x_wconf 88' lang='lat' dir='ltr'>est,</span> <span class='ocrx_word' id='word_1_45' title='bbox 591 1039 663 1104; x_wconf 88' lang='lat' dir='ltr'>licet</span> <span class='ocrx_word' id='word_1_46' title='bbox 676 1040 808 1121; x_wconf 87' lang='lat' dir='ltr'>pretium</span> <span class='ocrx_word' id='word_1_47' title='bbox 823 1056 859 1103; x_wconf 93' lang='lat' dir='ltr'>eo</span> <span class='ocrx_word' id='word_1_48' title='bbox 879 1051 1033 1104; x_wconf 69' lang='lat' dir='ltr'>easn‘non</span> <span class='ocrx_word' id='word_1_49' title='bbox 1055 1039 1096 1102; x_wconf 92' lang='lat' dir='ltr'>sit</span> <span class='ocrx_word' id='word_1_50' title='bbox 1115 1039 1301 1108; x_wconf 91' lang='lat' dir='ltr'>usurarium.</span> <span class='ocrx_word' id='word_1_51' title='bbox 1325 1055 1394 1103; x_wconf 88' lang='lat' dir='ltr'>esse</span> <span class='ocrx_word' id='word_1_52' title='bbox 1415 1049 1516 1102; x_wconf 91' lang='lat' dir='ltr'>tamen</span> 
     </span>
     <span class='ocr_line' id='line_1_7' title="bbox 423 1138 1513 1220; baseline -0.003 -16"><span class='ocrx_word' id='word_1_53' title='bbox 423 1141 588 1219; x_wconf 77' lang='lat' dir='ltr'>iniustum,</span> <span class='ocrx_word' id='word_1_54' title='bbox 606 1147 695 1220; x_wconf 87' lang='lat' dir='ltr'>atque</span> <span class='ocrx_word' id='word_1_55' title='bbox 711 1140 779 1203; x_wconf 93' lang='lat' dir='ltr'>ideo</span> <span class='ocrx_word' id='word_1_56' title='bbox 794 1139 1014 1202; x_wconf 86' lang='lat' dir='ltr'>restituendum</span> <span class='ocrx_word' id='word_1_57' title='bbox 1030 1138 1160 1203; x_wconf 80' lang='lat' dir='ltr'>debitori</span> <span class='ocrx_word' id='word_1_58' title='bbox 1175 1162 1189 1195; x_wconf 67' lang='lat' dir='ltr'>a</span> <span class='ocrx_word' id='word_1_59' title='bbox 1204 1142 1250 1217; x_wconf 81' lang='lat' dir='ltr'>(tl.</span> <span class='ocrx_word' id='word_1_60' title='bbox 1265 1139 1296 1203; x_wconf 91' lang='lat' dir='ltr'>Si</span> <span class='ocrx_word' id='word_1_61' title='bbox 1308 1139 1350 1202; x_wconf 87' lang='lat' dir='ltr'>ita</span> <span class='ocrx_word' id='word_1_62' title='bbox 1365 1147 1424 1213; x_wconf 91' lang='lat' dir='ltr'>est,</span> <span class='ocrx_word' id='word_1_63' title='bbox 1437 1153 1513 1217; x_wconf 80' lang='lat' dir='ltr'>quo</span> 
     </span>
     <span class='ocr_line' id='line_1_8' title="bbox 429 1237 1517 1320; baseline -0.004 -18"><span class='ocrx_word' id='word_1_64' title='bbox 429 1239 519 1303; x_wconf 93' lang='lat' dir='ltr'>modo</span> <span class='ocrx_word' id='word_1_65' title='bbox 546 1255 649 1320; x_wconf 88' lang='lat' dir='ltr'>supra.</span> <span class='ocrx_word' id='word_1_66' title='bbox 678 1255 747 1302; x_wconf 83' lang='lat' dir='ltr'>cum</span> <span class='ocrx_word' id='word_1_67' title='bbox 774 1238 879 1302; x_wconf 89' lang='lat' dir='ltr'>Lessio</span> <span class='ocrx_word' id='word_1_68' title='bbox 899 1237 1092 1300; x_wconf 81' lang='lat' dir='ltr'>contrariom</span> <span class='ocrx_word' id='word_1_69' title='bbox 1114 1253 1300 1318; x_wconf 82' lang='lat' dir='ltr'>supponens,</span> <span class='ocrx_word' id='word_1_70' title='bbox 1323 1238 1462 1317; x_wconf 90' lang='lat' dir='ltr'>seipsum</span> <span class='ocrx_word' id='word_1_71' title='bbox 1485 1237 1517 1298; x_wconf 91' lang='lat' dir='ltr'>in</span> 
     </span>
     <span class='ocr_line' id='line_1_9' title="bbox 429 1340 1513 1420; baseline 0.003 -16"><span class='ocrx_word' id='word_1_72' title='bbox 429 1341 637 1406; x_wconf 86' lang='lat' dir='ltr'>difficultatem</span> <span class='ocrx_word' id='word_1_73' title='bbox 649 1342 763 1404; x_wconf 82' lang='lat' dir='ltr'>invexit</span> <span class='ocrx_word' id='word_1_74' title='bbox 774 1340 1132 1405; x_wconf 80' lang='lat' dir='ltr'>inextricabilenlllnde</span> <span class='ocrx_word' id='word_1_75' title='bbox 1144 1358 1179 1405; x_wconf 89' lang='lat' dir='ltr'>ex</span> <span class='ocrx_word' id='word_1_76' title='bbox 1192 1341 1329 1420; x_wconf 89' lang='lat' dir='ltr'>ipsomm</span> <span class='ocrx_word' id='word_1_77' title='bbox 1341 1340 1513 1420; x_wconf 88' lang='lat' dir='ltr'>principiis.</span> 
     </span>
     <span class='ocr_line' id='line_1_10' title="bbox 431 1437 1513 1520; baseline -0.003 -17"><span class='ocrx_word' id='word_1_78' title='bbox 431 1457 508 1520; x_wconf 78' lang='lat' dir='ltr'>quiae</span> <span class='ocrx_word' id='word_1_79' title='bbox 530 1440 647 1503; x_wconf 89' lang='lat' dir='ltr'>ratione</span> <span class='ocrx_word' id='word_1_80' title='bbox 673 1440 798 1503; x_wconf 90' lang='lat' dir='ltr'>omnino</span> <span class='ocrx_word' id='word_1_81' title='bbox 821 1438 1001 1519; x_wconf 77' lang='lat' dir='ltr'>probantur,</span> <span class='ocrx_word' id='word_1_82' title='bbox 1025 1446 1143 1502; x_wconf 87' lang='lat' dir='ltr'>constat</span> <span class='ocrx_word' id='word_1_83' title='bbox 1170 1454 1232 1502; x_wconf 94' lang='lat' dir='ltr'>non</span> <span class='ocrx_word' id='word_1_84' title='bbox 1253 1453 1375 1502; x_wconf 91' lang='lat' dir='ltr'>omnem</span> <span class='ocrx_word' id='word_1_85' title='bbox 1397 1437 1513 1518; x_wconf 85' lang='lat' dir='ltr'>obliga·</span> 
     </span>
     <span class='ocr_line' id='line_1_11' title="bbox 429 1534 1510 1620; baseline -0.003 -17"><span class='ocrx_word' id='word_1_86' title='bbox 429 1541 545 1605; x_wconf 88' lang='lat' dir='ltr'>tionem</span> <span class='ocrx_word' id='word_1_87' title='bbox 575 1548 763 1620; x_wconf 83' lang='lat' dir='ltr'><strong>assumptam</strong></span> <span class='ocrx_word' id='word_1_88' title='bbox 793 1539 889 1619; x_wconf 92' lang='lat' dir='ltr'>pretio</span> <span class='ocrx_word' id='word_1_89' title='bbox 918 1538 1092 1619; x_wconf 73' lang='lat' dir='ltr'>pacatulam</span> <span class='ocrx_word' id='word_1_90' title='bbox 1117 1554 1185 1601; x_wconf 90' lang='lat' dir='ltr'>esse</span> <span class='ocrx_word' id='word_1_91' title='bbox 1209 1534 1510 1618; x_wconf 65' lang='lat' dir='ltr'>recompensandam.</span> 
     </span>
     <span class='ocr_line' id='line_1_12' title="bbox 431 1636 1518 1717; baseline -0.005 -14"><span class='ocrx_word' id='word_1_92' title='bbox 431 1639 468 1704; x_wconf 82' lang='lat' dir='ltr'>Et</span> <span class='ocrx_word' id='word_1_93' title='bbox 492 1639 551 1703; x_wconf 89' lang='lat' dir='ltr'>boo</span> <span class='ocrx_word' id='word_1_94' title='bbox 576 1638 688 1702; x_wconf 89' lang='lat' dir='ltr'>clarius</span> <span class='ocrx_word' id='word_1_95' title='bbox 716 1637 951 1708; x_wconf 87' lang='lat' dir='ltr'>manifestando,</span> <span class='ocrx_word' id='word_1_96' title='bbox 980 1637 1173 1700; x_wconf 84' lang='lat' dir='ltr'>difficultates</span> <span class='ocrx_word' id='word_1_97' title='bbox 1201 1636 1297 1701; x_wconf 88' lang='lat' dir='ltr'>Lessii</span> <span class='ocrx_word' id='word_1_98' title='bbox 1322 1645 1352 1700; x_wconf 92' lang='lat' dir='ltr'>et</span> <span class='ocrx_word' id='word_1_99' title='bbox 1381 1637 1518 1717; x_wconf 70' lang='lat' dir='ltr'>hugonis</span> 
     </span>
     <span class='ocr_line' id='line_1_13' title="bbox 429 1737 843 1803; baseline -0.01 0"><span class='ocrx_word' id='word_1_100' title='bbox 429 1738 612 1803; x_wconf 79' lang='lat' dir='ltr'>subtilitates</span> <span class='ocrx_word' id='word_1_101' title='bbox 628 1737 843 1800; x_wconf 77' lang='lat' dir='ltr'>dissolventur.</span> 
     </span>
    </p>
   </div>
   <div class='ocr_carea' id='block_1_3' title="bbox 471 1821 1598 1916">
    <p class='ocr_par' dir='ltr' id='par_1_3' title="bbox 471 1821 1598 1916">
     <span class='ocr_line' id='line_1_14' title="bbox 471 1821 1598 1916; baseline -0.004 -17"><span class='ocrx_word' id='word_1_102' title='bbox 471 1821 565 1915; x_wconf 79' lang='lat' dir='ltr'>igitur</span> <span class='ocrx_word' id='word_1_103' title='bbox 582 1838 707 1899; x_wconf 82' lang='lat' dir='ltr'>Luconrs</span> <span class='ocrx_word' id='word_1_104' title='bbox 722 1851 903 1916; x_wconf 90' lang='lat' dir='ltr'>responsum</span> <span class='ocrx_word' id='word_1_105' title='bbox 919 1836 957 1899; x_wconf 93' lang='lat' dir='ltr'>ad</span> <span class='ocrx_word' id='word_1_106' title='bbox 977 1835 1185 1899; x_wconf 81' lang='lat' dir='ltr'>difficultatem</span> <span class='ocrx_word' id='word_1_107' title='bbox 1207 1834 1368 1898; x_wconf 88' lang='lat' dir='ltr'>audiamus</span> <span class='ocrx_word' id='word_1_108' title='bbox 1389 1850 1426 1897; x_wconf 90' lang='lat' dir='ltr'>ac</span> <span class='ocrx_word' id='word_1_109' title='bbox 1447 1834 1512 1899; x_wconf 88' lang='lat' dir='ltr'>bre·</span> <span class='ocrx_word' id='word_1_110' title='bbox 1597 1858 1598 1887; x_wconf 65' lang='grc' dir='ltr'>ι</span> 
     </span>
    </p>
   </div>
   <div class='ocr_carea' id='block_1_4' title="bbox 417 1934 1517 2508">
    <p class='ocr_par' dir='ltr' id='par_1_4' title="bbox 417 1934 1517 2508">
     <span class='ocr_line' id='line_1_15' title="bbox 430 1934 1513 2014; baseline 0 -18"><span class='ocrx_word' id='word_1_111' title='bbox 430 1936 505 1999; x_wconf 89' lang='lat' dir='ltr'>viter</span> <span class='ocrx_word' id='word_1_112' title='bbox 519 1937 589 2000; x_wconf 91' lang='lat' dir='ltr'>crisi</span> <span class='ocrx_word' id='word_1_113' title='bbox 606 1935 817 2010; x_wconf 76' lang='lat' dir='ltr'>discutiamne,</span> <span class='ocrx_word' id='word_1_114' title='bbox 829 1951 866 1999; x_wconf 90' lang='lat' dir='ltr'>eo</span> <span class='ocrx_word' id='word_1_115' title='bbox 881 1936 926 1998; x_wconf 83' lang='lat' dir='ltr'>uel</span> <span class='ocrx_word' id='word_1_116' title='bbox 943 1937 1043 2012; x_wconf 73' lang='lat' dir='ltr'>magis</span> <span class='ocrx_word' id='word_1_117' title='bbox 1057 1934 1137 2014; x_wconf 85' lang='lat' dir='ltr'>quod</span> <span class='ocrx_word' id='word_1_118' title='bbox 1154 1937 1289 1998; x_wconf 77' lang='lat' dir='ltr'>recenter</span> <span class='ocrx_word' id='word_1_119' title='bbox 1301 1935 1335 1997; x_wconf 84' lang='lat' dir='ltr'>P.</span> <span class='ocrx_word' id='word_1_120' title='bbox 1349 1935 1425 1998; x_wconf 83' lang='lat' dir='ltr'>Aur.</span> <span class='ocrx_word' id='word_1_121' title='bbox 1440 1935 1513 1997; x_wconf 81' lang='lat' dir='ltr'>Bru-</span> 
     </span>
     <span class='ocr_line' id='line_1_16' title="bbox 429 2032 1515 2114; baseline -0.002 -18"><span class='ocrx_word' id='word_1_122' title='bbox 429 2053 524 2098; x_wconf 83' lang='lat' dir='ltr'>nnauu</span> <span class='ocrx_word' id='word_1_123' title='bbox 540 2035 674 2113; x_wconf 90' lang='lat' dir='ltr'>ejusdem</span> <span class='ocrx_word' id='word_1_124' title='bbox 690 2034 828 2114; x_wconf 85' lang='lat' dir='ltr'>responsi</span> <span class='ocrx_word' id='word_1_125' title='bbox 851 2034 1117 2113; x_wconf 81' lang='lat' dir='ltr'>inconsequentias</span> <span class='ocrx_word' id='word_1_126' title='bbox 1137 2032 1305 2113; x_wconf 79' lang='lat' dir='ltr'>patefacere</span> <span class='ocrx_word' id='word_1_127' title='bbox 1319 2043 1449 2096; x_wconf 90' lang='lat' dir='ltr'>conatus</span> <span class='ocrx_word' id='word_1_128' title='bbox 1464 2033 1515 2108; x_wconf 79' lang='lat' dir='ltr'>sit,</span> 
     </span>
     <span class='ocr_line' id='line_1_17' title="bbox 430 2130 1387 2212; baseline -0.002 -17"><span class='ocrx_word' id='word_1_129' title='bbox 430 2141 461 2196; x_wconf 90' lang='lat' dir='ltr'>ut</span> <span class='ocrx_word' id='word_1_130' title='bbox 478 2133 557 2197; x_wconf 86' lang='lat' dir='ltr'>viam</span> <span class='ocrx_word' id='word_1_131' title='bbox 573 2134 611 2197; x_wconf 91' lang='lat' dir='ltr'>ad</span> <span class='ocrx_word' id='word_1_132' title='bbox 626 2133 807 2196; x_wconf 87' lang='lat' dir='ltr'>sententiam</span> <span class='ocrx_word' id='word_1_133' title='bbox 824 2131 860 2195; x_wconf 92' lang='lat' dir='ltr'>de</span> <span class='ocrx_word' id='word_1_134' title='bbox 875 2132 1021 2212; x_wconf 87' lang='lat' dir='ltr'>pecuniae</span> <span class='ocrx_word' id='word_1_135' title='bbox 1037 2131 1186 2195; x_wconf 87' lang='lat' dir='ltr'>locatione</span> <span class='ocrx_word' id='word_1_136' title='bbox 1200 2130 1387 2211; x_wconf 81' lang='lat' dir='ltr'>explanaret.</span> 
     </span>
     <span class='ocr_line' id='line_1_18' title="bbox 470 2228 1517 2311; baseline -0.002 -18"><span class='ocrx_word' id='word_1_137' title='bbox 470 2232 584 2311; x_wconf 89' lang='lat' dir='ltr'>Nempe</span> <span class='ocrx_word' id='word_1_138' title='bbox 610 2230 782 2294; x_wconf 81' lang='lat' dir='ltr'>cardinalis</span> <span class='ocrx_word' id='word_1_139' title='bbox 807 2230 845 2293; x_wconf 93' lang='lat' dir='ltr'>de</span> <span class='ocrx_word' id='word_1_140' title='bbox 871 2231 954 2310; x_wconf 81' lang='lat' dir='ltr'>bugo</span> <span class='ocrx_word' id='word_1_141' title='bbox 979 2229 1120 2310; x_wconf 89' lang='lat' dir='ltr'>quamvis</span> <span class='ocrx_word' id='word_1_142' title='bbox 1145 2244 1249 2292; x_wconf 85' lang='lat' dir='ltr'>revera</span> <span class='ocrx_word' id='word_1_143' title='bbox 1271 2229 1456 2292; x_wconf 87' lang='lat' dir='ltr'>sententiam</span> <span class='ocrx_word' id='word_1_144' title='bbox 1477 2228 1517 2292; x_wconf 85' lang='lat' dir='ltr'>de</span> 
     </span>
     <span class='ocr_line' id='line_1_19' title="bbox 426 2329 1516 2410; baseline -0.003 -17"><span class='ocrx_word' id='word_1_145' title='bbox 426 2331 527 2394; x_wconf 89' lang='lat' dir='ltr'>valore</span> <span class='ocrx_word' id='word_1_146' title='bbox 556 2331 701 2410; x_wconf 87' lang='lat' dir='ltr'>temporis</span> <span class='ocrx_word' id='word_1_147' title='bbox 730 2331 900 2410; x_wconf 81' lang='lat' dir='ltr'>impugnet,</span> <span class='ocrx_word' id='word_1_148' title='bbox 933 2340 1034 2393; x_wconf 90' lang='lat' dir='ltr'>tamen</span> <span class='ocrx_word' id='word_1_149' title='bbox 1059 2336 1164 2392; x_wconf 87' lang='lat' dir='ltr'>contra</span> <span class='ocrx_word' id='word_1_150' title='bbox 1189 2329 1381 2408; x_wconf 84' lang='lat' dir='ltr'>gratuitatem</span> <span class='ocrx_word' id='word_1_151' title='bbox 1407 2338 1516 2392; x_wconf 91' lang='lat' dir='ltr'>mutuo</span> 
     </span>
     <span class='ocr_line' id='line_1_20' title="bbox 417 2427 1514 2508; baseline -0.004 -14"><span class='ocrx_word' id='word_1_152' title='bbox 417 2430 620 2494; x_wconf 86' lang='lat' dir='ltr'>intrinsecam</span> <span class='ocrx_word' id='word_1_153' title='bbox 643 2430 701 2493; x_wconf 89' lang='lat' dir='ltr'>sibi</span> <span class='ocrx_word' id='word_1_154' title='bbox 724 2429 843 2493; x_wconf 91' lang='lat' dir='ltr'>videtur</span> <span class='ocrx_word' id='word_1_155' title='bbox 862 2429 1026 2492; x_wconf 85' lang='lat' dir='ltr'>maximam</span> <span class='ocrx_word' id='word_1_156' title='bbox 1042 2427 1250 2491; x_wconf 85' lang='lat' dir='ltr'>difficultatem</span> <span class='ocrx_word' id='word_1_157' title='bbox 1267 2428 1453 2508; x_wconf 85' lang='lat' dir='ltr'>perspicere,</span> <span class='ocrx_word' id='word_1_158' title='bbox 1478 2444 1514 2491; x_wconf 85' lang='lat' dir='ltr'>en</span> 
     </span>
    </p>
   </div>
   <div class='ocr_carea' id='block_1_5' title="bbox 425 2526 1601 2613">
    <p class='ocr_par' dir='ltr' id='par_1_5' title="bbox 425 2526 1601 2613">
     <span class='ocr_line' id='line_1_21' title="bbox 425 2526 1601 2613; baseline -0.003 -21"><span class='ocrx_word' id='word_1_159' title='bbox 425 2533 460 2592; x_wconf 88' lang='lat' dir='ltr'>eo</span> <span class='ocrx_word' id='word_1_160' title='bbox 482 2528 562 2608; x_wconf 85' lang='lat' dir='ltr'>quod</span> <span class='ocrx_word' id='word_1_161' title='bbox 585 2537 728 2591; x_wconf 87' lang='lat' dir='ltr'>mutuans</span> <span class='ocrx_word' id='word_1_162' title='bbox 750 2545 782 2591; x_wconf 86' lang='lat' dir='ltr'>se</span> <span class='ocrx_word' id='word_1_163' title='bbox 804 2527 919 2608; x_wconf 81' lang='lat' dir='ltr'>obliget</span> <span class='ocrx_word' id='word_1_164' title='bbox 939 2528 977 2591; x_wconf 92' lang='lat' dir='ltr'>ad</span> <span class='ocrx_word' id='word_1_165' title='bbox 999 2543 1064 2590; x_wconf 92' lang='lat' dir='ltr'>rem</span> <span class='ocrx_word' id='word_1_166' title='bbox 1086 2542 1173 2590; x_wconf 90' lang='lat' dir='ltr'>suam</span> <span class='ocrx_word' id='word_1_167' title='bbox 1195 2543 1249 2607; x_wconf 89' lang='lat' dir='ltr'>per</span> <span class='ocrx_word' id='word_1_168' title='bbox 1271 2535 1393 2606; x_wconf 87' lang='lat' dir='ltr'>tempus</span> <span class='ocrx_word' id='word_1_169' title='bbox 1414 2526 1511 2590; x_wconf 89' lang='lat' dir='ltr'>deter-</span> <span class='ocrx_word' id='word_1_170' title='bbox 1600 2602 1601 2613; x_wconf 9' lang='grc' dir='ltr'>ἵ</span> 
     </span>
    </p>
   </div>
   <div class='ocr_carea' id='block_1_6' title="bbox 424 2625 1516 2808">
    <p class='ocr_par' dir='ltr' id='par_1_6' title="bbox 424 2625 1516 2808">
     <span class='ocr_line' id='line_1_22' title="bbox 425 2625 1516 2706; baseline -0.001 -17"><span class='ocrx_word' id='word_1_171' title='bbox 425 2627 575 2690; x_wconf 93' lang='lat' dir='ltr'>minatum</span> <span class='ocrx_word' id='word_1_172' title='bbox 590 2643 651 2690; x_wconf 95' lang='lat' dir='ltr'>non</span> <span class='ocrx_word' id='word_1_173' title='bbox 667 2625 861 2706; x_wconf 83' lang='lat' dir='ltr'>repetendam</span> <span class='ocrx_word' id='word_1_174' title='bbox 877 2643 884 2689; x_wconf 94' lang='lat'>:</span> <span class='ocrx_word' id='word_1_175' title='bbox 904 2627 1014 2706; x_wconf 82' lang='lat' dir='ltr'>«quia,</span> <span class='ocrx_word' id='word_1_176' title='bbox 1032 2627 1084 2705; x_wconf 85' lang='lat' dir='ltr'>qui</span> <span class='ocrx_word' id='word_1_177' title='bbox 1100 2626 1138 2691; x_wconf 94' lang='lat' dir='ltr'>ad</span> <span class='ocrx_word' id='word_1_178' title='bbox 1155 2626 1186 2690; x_wconf 93' lang='lat' dir='ltr'>id</span> <span class='ocrx_word' id='word_1_179' title='bbox 1202 2643 1234 2689; x_wconf 91' lang='lat' dir='ltr'>se</span> <span class='ocrx_word' id='word_1_180' title='bbox 1249 2625 1375 2705; x_wconf 82' lang='lat' dir='ltr'>obligat,</span> <span class='ocrx_word' id='word_1_181' title='bbox 1392 2642 1429 2688; x_wconf 91' lang='lat' dir='ltr'>eo</span> <span class='ocrx_word' id='word_1_182' title='bbox 1446 2626 1516 2705; x_wconf 91' lang='lat' dir='ltr'>ipso</span> 
     </span>
     <span class='ocr_line' id='line_1_23' title="bbox 424 2725 1512 2808; baseline -0.002 -19"><span class='ocrx_word' id='word_1_183' title='bbox 424 2727 524 2808; x_wconf 85' lang='lat' dir='ltr'>privat</span> <span class='ocrx_word' id='word_1_184' title='bbox 538 2743 571 2789; x_wconf 88' lang='lat' dir='ltr'>se</span> <span class='ocrx_word' id='word_1_185' title='bbox 586 2727 689 2806; x_wconf 88' lang='lat' dir='ltr'>aliquo</span> <span class='ocrx_word' id='word_1_186' title='bbox 711 2727 808 2805; x_wconf 87' lang='lat' dir='ltr'>prelio</span> <span class='ocrx_word' id='word_1_187' title='bbox 830 2726 1026 2801; x_wconf 88' lang='lat' dir='ltr'>aestimabili,</span> <span class='ocrx_word' id='word_1_188' title='bbox 1044 2743 1153 2807; x_wconf 93' lang='lat' dir='ltr'>nempe</span> <span class='ocrx_word' id='word_1_189' title='bbox 1172 2726 1314 2790; x_wconf 82' lang='lat' dir='ltr'>facultate</span> <span class='ocrx_word' id='word_1_190' title='bbox 1336 2725 1442 2788; x_wconf 92' lang='lat' dir='ltr'>utendi</span> <span class='ocrx_word' id='word_1_191' title='bbox 1459 2741 1512 2788; x_wconf 92' lang='lat' dir='ltr'>sua</span> 
     </span>
    </p>
   </div>
   <div class='ocr_carea' id='block_1_7' title="bbox 328 2825 1509 2906">
    <p class='ocr_par' dir='ltr' id='par_1_7' title="bbox 328 2825 1509 2906">
     <span class='ocr_line' id='line_1_24' title="bbox 328 2825 1509 2906; baseline -0.002 -17"><span class='ocrx_word' id='word_1_192' title='bbox 328 2839 330 2844; x_wconf 90' lang='grc'><strong><em>·</em></strong></span> <span class='ocrx_word' id='word_1_193' title='bbox 424 2826 553 2906; x_wconf 91' lang='lat' dir='ltr'>pecunia</span> <span class='ocrx_word' id='word_1_194' title='bbox 568 2841 749 2905; x_wconf 87' lang='lat' dir='ltr'>perannum</span> <span class='ocrx_word' id='word_1_195' title='bbox 766 2825 804 2888; x_wconf 92' lang='lat' dir='ltr'>ad</span> <span class='ocrx_word' id='word_1_196' title='bbox 827 2825 1074 2902; x_wconf 73' lang='lat' dir='ltr'>negotiationem.</span> <span class='ocrx_word' id='word_1_197' title='bbox 1092 2827 1137 2889; x_wconf 90' lang='lat' dir='ltr'>vel</span> <span class='ocrx_word' id='word_1_198' title='bbox 1154 2827 1273 2889; x_wconf 88' lang='lat' dir='ltr'>lrrcrum</span> <span class='ocrx_word' id='word_1_199' title='bbox 1295 2825 1413 2888; x_wconf 90' lang='lat' dir='ltr'>licitum</span> <span class='ocrx_word' id='word_1_200' title='bbox 1432 2847 1447 2880; x_wconf 71' lang='lat' dir='ltr'>s</span> <span class='ocrx_word' id='word_1_201' title='bbox 1464 2827 1509 2902; x_wconf 75' lang='lat' dir='ltr'>(sl.</span> 
     </span>
    </p>
   </div>
   <div class='ocr_carea' id='block_1_8' title="bbox 422 2923 1512 3204">
    <p class='ocr_par' dir='ltr' id='par_1_8' title="bbox 422 2923 1512 3204">
     <span class='ocr_line' id='line_1_25' title="bbox 423 2923 1512 3004; baseline -0.005 -15"><span class='ocrx_word' id='word_1_202' title='bbox 423 2926 461 2989; x_wconf 84' lang='lat' dir='ltr'>Et</span> <span class='ocrx_word' id='word_1_203' title='bbox 478 2925 602 3004; x_wconf 84' lang='lat' dir='ltr'>quidem</span> <span class='ocrx_word' id='word_1_204' title='bbox 619 2925 727 2987; x_wconf 81' lang='lat' dir='ltr'>inlota</span> <span class='ocrx_word' id='word_1_205' title='bbox 744 2924 780 2987; x_wconf 89' lang='lat' dir='ltr'>de</span> <span class='ocrx_word' id='word_1_206' title='bbox 797 2940 830 2987; x_wconf 93' lang='lat' dir='ltr'>re</span> <span class='ocrx_word' id='word_1_207' title='bbox 846 2925 1045 3004; x_wconf 85' lang='lat' dir='ltr'>inquisitione</span> <span class='ocrx_word' id='word_1_208' title='bbox 1059 2926 1139 2989; x_wconf 91' lang='lat' dir='ltr'>banc</span> <span class='ocrx_word' id='word_1_209' title='bbox 1154 2925 1304 2989; x_wconf 88' lang='lat' dir='ltr'>carentiae</span> <span class='ocrx_word' id='word_1_210' title='bbox 1315 2923 1512 2988; x_wconf 75' lang='lat' dir='ltr'>aestimabili-</span> 
     </span>
     <span class='ocr_line' id='line_1_26' title="bbox 422 3023 1511 3104; baseline -0.002 -18"><span class='ocrx_word' id='word_1_211' title='bbox 422 3029 515 3086; x_wconf 90' lang='lat' dir='ltr'>tatem</span> <span class='ocrx_word' id='word_1_212' title='bbox 531 3023 676 3103; x_wconf 90' lang='lat' dir='ltr'>supponit</span> <span class='ocrx_word' id='word_1_213' title='bbox 689 3033 721 3085; x_wconf 92' lang='lat' dir='ltr'>ut</span> <span class='ocrx_word' id='word_1_214' title='bbox 735 3024 879 3086; x_wconf 90' lang='lat' dir='ltr'>omnibus</span> <span class='ocrx_word' id='word_1_215' title='bbox 898 3032 1065 3104; x_wconf 87' lang='lat' dir='ltr'>acceptam.</span> <span class='ocrx_word' id='word_1_216' title='bbox 1084 3023 1266 3102; x_wconf 79' lang='lat' dir='ltr'>Huiusmodi</span> <span class='ocrx_word' id='word_1_217' title='bbox 1285 3031 1386 3085; x_wconf 79' lang='lat' dir='ltr'>autem</span> <span class='ocrx_word' id='word_1_218' title='bbox 1410 3024 1511 3103; x_wconf 86' lang='lat' dir='ltr'>priva·</span> 
     </span>
     <span class='ocr_line' id='line_1_27' title="bbox 422 3121 1509 3204; baseline -0.001 -19"><span class='ocrx_word' id='word_1_219' title='bbox 422 3121 516 3185; x_wconf 92' lang='lat' dir='ltr'>tionis</span> <span class='ocrx_word' id='word_1_220' title='bbox 549 3123 828 3187; x_wconf 88' lang='lat' dir='ltr'>aestimabilitatem</span> <span class='ocrx_word' id='word_1_221' title='bbox 861 3124 970 3204; x_wconf 91' lang='lat' dir='ltr'>probat</span> <span class='ocrx_word' id='word_1_222' title='bbox 1004 3140 1040 3187; x_wconf 81' lang='lat' dir='ltr'>en</span> <span class='ocrx_word' id='word_1_223' title='bbox 1070 3122 1297 3204; x_wconf 89' lang='lat' dir='ltr'>comparatione</span> <span class='ocrx_word' id='word_1_224' title='bbox 1325 3137 1394 3184; x_wconf 91' lang='lat' dir='ltr'>cum</span> <span class='ocrx_word' id='word_1_225' title='bbox 1426 3137 1509 3203; x_wconf 84' lang='lat' dir='ltr'>agro.</span> 
     </span>
    </p>
   </div>
   <div class='ocr_carea' id='block_1_9' title="bbox 309 3221 1517 3303">
    <p class='ocr_par' dir='ltr' id='par_1_9' title="bbox 309 3221 1517 3303">
     <span class='ocr_line' id='line_1_28' title="bbox 309 3221 1517 3303; baseline 0 -19"><span class='ocrx_word' id='word_1_226' title='bbox 309 3261 311 3266; x_wconf 67' lang='lat'>,</span> <span class='ocrx_word' id='word_1_227' title='bbox 422 3221 549 3285; x_wconf 90' lang='lat' dir='ltr'>dicens:</span> <span class='ocrx_word' id='word_1_228' title='bbox 570 3224 792 3302; x_wconf 69' lang='lat' dir='ltr'>«nequeenim</span> <span class='ocrx_word' id='word_1_229' title='bbox 809 3224 908 3287; x_wconf 90' lang='lat' dir='ltr'>solum</span> <span class='ocrx_word' id='word_1_230' title='bbox 926 3225 1044 3287; x_wconf 87' lang='lat' dir='ltr'>lucrum</span> <span class='ocrx_word' id='word_1_231' title='bbox 1059 3239 1183 3287; x_wconf 91' lang='lat' dir='ltr'>cessans</span> <span class='ocrx_word' id='word_1_232' title='bbox 1198 3232 1243 3286; x_wconf 90' lang='lat' dir='ltr'>est</span> <span class='ocrx_word' id='word_1_233' title='bbox 1257 3223 1355 3303; x_wconf 92' lang='lat' dir='ltr'>pretio</span> <span class='ocrx_word' id='word_1_234' title='bbox 1371 3223 1517 3286; x_wconf 91' lang='lat' dir='ltr'>aestima--</span> 
     </span>
    </p>
   </div>
   <div class='ocr_carea' id='block_1_10' title="bbox 418 3318 1516 3993">
    <p class='ocr_par' dir='ltr' id='par_1_10' title="bbox 418 3318 1516 3993">
     <span class='ocr_line' id='line_1_29' title="bbox 422 3318 1508 3402; baseline 0 -20"><span class='ocrx_word' id='word_1_235' title='bbox 422 3318 496 3394; x_wconf 86' lang='lat' dir='ltr'>bile,</span> <span class='ocrx_word' id='word_1_236' title='bbox 520 3318 572 3382; x_wconf 89' lang='lat' dir='ltr'>sed</span> <span class='ocrx_word' id='word_1_237' title='bbox 595 3320 685 3383; x_wconf 89' lang='lat' dir='ltr'>etiam</span> <span class='ocrx_word' id='word_1_238' title='bbox 708 3320 837 3385; x_wconf 85' lang='lat' dir='ltr'>facultas</span> <span class='ocrx_word' id='word_1_239' title='bbox 858 3321 924 3401; x_wconf 88' lang='lat' dir='ltr'>ipsa</span> <span class='ocrx_word' id='word_1_240' title='bbox 947 3321 1085 3384; x_wconf 88' lang='lat' dir='ltr'>lucrandi</span> <span class='ocrx_word' id='word_1_241' title='bbox 1106 3329 1149 3384; x_wconf 86' lang='lat' dir='ltr'>est</span> <span class='ocrx_word' id='word_1_242' title='bbox 1175 3321 1273 3402; x_wconf 89' lang='lat' dir='ltr'>pretio</span> <span class='ocrx_word' id='word_1_243' title='bbox 1295 3320 1508 3393; x_wconf 88' lang='lat' dir='ltr'>aestimabilis,</span> 
     </span>
     <span class='ocr_line' id='line_1_30' title="bbox 421 3417 1516 3499; baseline -0.002 -17"><span class='ocrx_word' id='word_1_244' title='bbox 421 3418 546 3482; x_wconf 82' lang='lat' dir='ltr'>etiamsi</span> <span class='ocrx_word' id='word_1_245' title='bbox 567 3417 680 3498; x_wconf 82' lang='lat' dir='ltr'>olipot‘s</span> <span class='ocrx_word' id='word_1_246' title='bbox 702 3435 738 3481; x_wconf 88' lang='lat' dir='ltr'>eo</span> <span class='ocrx_word' id='word_1_247' title='bbox 757 3419 905 3497; x_wconf 74' lang='lat' dir='ltr'>facultate</span> <span class='ocrx_word' id='word_1_248' title='bbox 925 3438 1042 3482; x_wconf 84' lang='lat' dir='ltr'>usurus</span> <span class='ocrx_word' id='word_1_249' title='bbox 1062 3419 1100 3483; x_wconf 85' lang='lat' dir='ltr'>de</span> <span class='ocrx_word' id='word_1_250' title='bbox 1118 3420 1199 3498; x_wconf 74' lang='lat' dir='ltr'>facto</span> <span class='ocrx_word' id='word_1_251' title='bbox 1220 3438 1282 3483; x_wconf 86' lang='lat' dir='ltr'>non</span> <span class='ocrx_word' id='word_1_252' title='bbox 1304 3425 1391 3494; x_wconf 87' lang='lat' dir='ltr'>esset,</span> <span class='ocrx_word' id='word_1_253' title='bbox 1415 3435 1516 3499; x_wconf 81' lang='lat' dir='ltr'>nepae</span> 
     </span>
     <span class='ocr_line' id='line_1_31' title="bbox 420 3515 1511 3599; baseline 0 -21"><span class='ocrx_word' id='word_1_254' title='bbox 420 3515 541 3597; x_wconf 82' lang='lat' dir='ltr'>aliquid</span> <span class='ocrx_word' id='word_1_255' title='bbox 565 3515 761 3594; x_wconf 84' lang='lat' dir='ltr'>lucraturos;</span> <span class='ocrx_word' id='word_1_256' title='bbox 783 3537 857 3582; x_wconf 88' lang='lat' dir='ltr'>nom</span> <span class='ocrx_word' id='word_1_257' title='bbox 879 3519 905 3582; x_wconf 93' lang='lat' dir='ltr'>si</span> <span class='ocrx_word' id='word_1_258' title='bbox 928 3519 1041 3582; x_wconf 90' lang='lat' dir='ltr'>babeas</span> <span class='ocrx_word' id='word_1_259' title='bbox 1063 3536 1183 3599; x_wconf 83' lang='lat' dir='ltr'>aprum,</span> <span class='ocrx_word' id='word_1_260' title='bbox 1208 3535 1299 3598; x_wconf 86' lang='lat' dir='ltr'>quern</span> <span class='ocrx_word' id='word_1_261' title='bbox 1320 3534 1421 3598; x_wconf 88' lang='lat' dir='ltr'>neque</span> <span class='ocrx_word' id='word_1_262' title='bbox 1437 3517 1511 3582; x_wconf 91' lang='lat' dir='ltr'>colis</span> 
     </span>
     <span class='ocr_line' id='line_1_32' title="bbox 418 3615 1512 3695; baseline 0 -19"><span class='ocrx_word' id='word_1_263' title='bbox 418 3629 519 3694; x_wconf 86' lang='lat' dir='ltr'>neque</span> <span class='ocrx_word' id='word_1_264' title='bbox 539 3615 739 3679; x_wconf 89' lang='lat' dir='ltr'>intentionem</span> <span class='ocrx_word' id='word_1_265' title='bbox 754 3617 874 3680; x_wconf 89' lang='lat' dir='ltr'>colendi</span> <span class='ocrx_word' id='word_1_266' title='bbox 896 3618 942 3680; x_wconf 88' lang='lat' dir='ltr'>vel</span> <span class='ocrx_word' id='word_1_267' title='bbox 966 3616 1086 3680; x_wconf 89' lang='lat' dir='ltr'>locandi</span> <span class='ocrx_word' id='word_1_268' title='bbox 1108 3616 1214 3691; x_wconf 91' lang='lat' dir='ltr'>habes,</span> <span class='ocrx_word' id='word_1_269' title='bbox 1232 3617 1258 3679; x_wconf 85' lang='lat' dir='ltr'>si</span> <span class='ocrx_word' id='word_1_270' title='bbox 1275 3625 1377 3679; x_wconf 77' lang='lat' dir='ltr'>mmen</span> <span class='ocrx_word' id='word_1_271' title='bbox 1399 3615 1512 3695; x_wconf 87' lang='lat' dir='ltr'>aliquis</span> 
     </span>
     <span class='ocr_line' id='line_1_33' title="bbox 421 3713 1515 3797; baseline -0.001 -21"><span class='ocrx_word' id='word_1_272' title='bbox 421 3713 538 3776; x_wconf 86' lang='lat' dir='ltr'>tevelit</span> <span class='ocrx_word' id='word_1_273' title='bbox 554 3713 690 3794; x_wconf 83' lang='lat' dir='ltr'>obligare</span> <span class='ocrx_word' id='word_1_274' title='bbox 702 3713 739 3778; x_wconf 91' lang='lat' dir='ltr'>ad</span> <span class='ocrx_word' id='word_1_275' title='bbox 755 3731 816 3779; x_wconf 93' lang='lat' dir='ltr'>non</span> <span class='ocrx_word' id='word_1_276' title='bbox 833 3714 994 3778; x_wconf 87' lang='lat' dir='ltr'>colendum</span> <span class='ocrx_word' id='word_1_277' title='bbox 1010 3731 1080 3777; x_wconf 93' lang='lat' dir='ltr'>eum</span> <span class='ocrx_word' id='word_1_278' title='bbox 1096 3730 1214 3795; x_wconf 83' lang='lat' dir='ltr'>agmm,</span> <span class='ocrx_word' id='word_1_279' title='bbox 1227 3731 1281 3795; x_wconf 92' lang='lat' dir='ltr'>per</span> <span class='ocrx_word' id='word_1_280' title='bbox 1295 3713 1374 3778; x_wconf 91' lang='lat' dir='ltr'>duos</span> <span class='ocrx_word' id='word_1_281' title='bbox 1389 3714 1436 3778; x_wconf 89' lang='lat' dir='ltr'>uel</span> <span class='ocrx_word' id='word_1_282' title='bbox 1451 3721 1515 3797; x_wconf 88' lang='lat' dir='ltr'>tres</span> 
     </span>
     <span class='ocr_line' id='line_1_34' title="bbox 421 3811 1514 3893; baseline 0 -19"><span class='ocrx_word' id='word_1_283' title='bbox 421 3813 530 3886; x_wconf 81' lang='lat' dir='ltr'>annos,</span> <span class='ocrx_word' id='word_1_284' title='bbox 548 3811 622 3892; x_wconf 82' lang='lat' dir='ltr'>quio</span> <span class='ocrx_word' id='word_1_285' title='bbox 638 3811 694 3875; x_wconf 84' lang='lat' dir='ltr'>boe</span> <span class='ocrx_word' id='word_1_286' title='bbox 708 3813 742 3875; x_wconf 83' lang='lat' dir='ltr'>io</span> <span class='ocrx_word' id='word_1_287' title='bbox 757 3815 823 3893; x_wconf 81' lang='lat' dir='ltr'>ejus</span> <span class='ocrx_word' id='word_1_288' title='bbox 838 3813 1005 3877; x_wconf 84' lang='lat' dir='ltr'>utilitatem</span> <span class='ocrx_word' id='word_1_289' title='bbox 1019 3811 1114 3889; x_wconf 82' lang='lat' dir='ltr'>cadit,</span> <span class='ocrx_word' id='word_1_290' title='bbox 1131 3819 1163 3877; x_wconf 88' lang='lat' dir='ltr'>tu</span> <span class='ocrx_word' id='word_1_291' title='bbox 1179 3813 1292 3893; x_wconf 90' lang='lat' dir='ltr'>poteris</span> <span class='ocrx_word' id='word_1_292' title='bbox 1308 3812 1391 3876; x_wconf 88' lang='lat' dir='ltr'>licite</span> <span class='ocrx_word' id='word_1_293' title='bbox 1404 3828 1461 3892; x_wconf 95' lang='lat' dir='ltr'>pro</span> <span class='ocrx_word' id='word_1_294' title='bbox 1476 3826 1514 3874; x_wconf 84' lang='lat' dir='ltr'>ea</span> 
     </span>
     <span class='ocr_line' id='line_1_35' title="bbox 423 3909 1513 3993; baseline -0.002 -19"><span class='ocrx_word' id='word_1_295' title='bbox 423 3909 610 3991; x_wconf 82' lang='lat' dir='ltr'>obligatione</span> <span class='ocrx_word' id='word_1_296' title='bbox 632 3912 763 3991; x_wconf 88' lang='lat' dir='ltr'>pretium</span> <span class='ocrx_word' id='word_1_297' title='bbox 785 3914 922 3993; x_wconf 85' lang='lat' dir='ltr'>accipere</span> <span class='ocrx_word' id='word_1_298' title='bbox 945 3931 953 3976; x_wconf 92' lang='lat'>:</span> <span class='ocrx_word' id='word_1_299' title='bbox 978 3928 1040 3976; x_wconf 92' lang='lat' dir='ltr'>non</span> <span class='ocrx_word' id='word_1_300' title='bbox 1062 3911 1185 3991; x_wconf 84' lang='lat' dir='ltr'>quidem</span> <span class='ocrx_word' id='word_1_301' title='bbox 1206 3912 1323 3975; x_wconf 88' lang='lat' dir='ltr'>ratione</span> <span class='ocrx_word' id='word_1_302' title='bbox 1347 3911 1422 3976; x_wconf 89' lang='lat' dir='ltr'>lucri</span> <span class='ocrx_word' id='word_1_303' title='bbox 1445 3927 1513 3974; x_wconf 88' lang='lat' dir='ltr'>ees·</span> 
     </span>
    </p>
   </div>
   <div class='ocr_carea' id='block_1_11' title="bbox 455 4134 851 4282">
    <p class='ocr_par' dir='ltr' id='par_1_11' title="bbox 455 4134 851 4282">
     <span class='ocr_line' id='line_1_36' title="bbox 456 4134 851 4200; baseline 0.008 -12"><span class='ocrx_word' id='word_1_304' title='bbox 456 4135 492 4198; x_wconf 92' lang='lat' dir='ltr'>(ll</span> <span class='ocrx_word' id='word_1_305' title='bbox 508 4134 545 4191; x_wconf 80' lang='lat' dir='ltr'>Cf.</span> <span class='ocrx_word' id='word_1_306' title='bbox 559 4150 594 4190; x_wconf 85' lang='lat' dir='ltr'>nn</span> <span class='ocrx_word' id='word_1_307' title='bbox 607 4135 692 4198; x_wconf 84' lang='lat' dir='ltr'>Ludo,</span> <span class='ocrx_word' id='word_1_308' title='bbox 704 4136 749 4200; x_wconf 78' lang='lat' dir='ltr'>o,</span> <span class='ocrx_word' id='word_1_309' title='bbox 767 4150 794 4191; x_wconf 91' lang='lat' dir='ltr'>n.</span> <span class='ocrx_word' id='word_1_310' title='bbox 808 4135 851 4191; x_wconf 85' lang='lat' dir='ltr'>dl.</span> 
     </span>
     <span class='ocr_line' id='line_1_37' title="bbox 455 4216 698 4282; baseline -0.037 -1"><span class='ocrx_word' id='word_1_311' title='bbox 455 4216 698 4282; x_wconf 51' lang='lat' dir='ltr'>fflffimnffi</span> 
     </span>
    </p>
   </div>
   <div class='ocr_carea' id='block_1_12' title="bbox 0 0 1626 4959">
    <p class='ocr_par' dir='ltr' id='par_1_12' title="bbox 0 0 1626 4959">
     <span class='ocr_line' id='line_1_38' title="bbox 0 0 1626 4959; baseline 0 2"><span class='ocrx_word' id='word_1_312' title='bbox 0 0 1626 4959; x_wconf 95' lang='lat' dir='ltr'> </span> 
     </span>
    </p>
   </div>
  </div>
 </body>
</html>
