3242 4959
388 365 449 430 288
761 384 833 430 runs
846 385 967 431 surena.
984 385 1063 431 secr.
1080 387 1113 431 11.

392 548 520 628 Insuper
535 548 655 610 titulum
673 547 749 627 legis
764 547 865 610 civilis
879 547 938 611 boc
951 564 1043 611 seusu
1059 548 1230 629 intelligere
1246 549 1478 627 convincuntur,

394 647 445 726 qui
468 645 603 724 eiusdem
624 645 775 725 originem
797 662 833 708 ex
858 645 980 708 saecuto
999 646 1067 708 XVI
1092 647 1250 710 occasione
1274 648 1482 712 «Contractus

393 744 590 825 germanici»
615 743 779 807 deducunt.
804 744 928 806 Patroni
952 744 1034 806 enim
1059 744 1186 823 hujusce
1211 752 1395 820 contractae,
1417 747 1481 810 sive

392 845 518 918 Rornae,
537 843 600 906 sive
616 843 647 904 in
663 843 825 906 Germania
845 842 1000 922 degentes
1022 850 1095 922 puta
1115 844 1150 906 P.
1168 843 1327 919 Ledesma,
1345 845 1477 921 Toletus‚

391 944 554 1023 episcopus
577 941 763 1021 Marquardt,
787 949 858 1013 etc..
882 941 920 1004 ad
944 941 1040 1022 legem
1063 942 1237 1022 principum
1262 959 1298 1006 ac
1318 952 1478 1007 consuetu·

390 1043 493 1106 dinem
509 1043 713 1105 universatem
729 1042 956 1122 provocabant:
975 1042 1029 1105 sed
1044 1042 1147 1105 omnia
1162 1043 1294 1105 innuunt
1309 1060 1360 1107 eos
1375 1061 1412 1106 ex
1427 1044 1480 1107 illa

391 1141 508 1204 ratione
534 1140 740 1220 desumpsisse
766 1140 1014 1220 probabilitatem
1039 1140 1076 1203 de
1101 1140 1181 1204 facto
1202 1140 1379 1205 existentem
1403 1142 1480 1206 lucri

390 1241 558 1304 universim
575 1240 638 1318 jam
659 1240 808 1303 cessantis
822 1242 870 1317 (t).
894 1241 930 1302 Et
953 1240 996 1303 ita
1016 1240 1062 1302 iili
1084 1250 1233 1314 auctores,
1257 1257 1387 1321 quorum
1410 1258 1479 1305 sen-

391 1340 484 1404 tentia
503 1357 520 1402 a
542 1340 648 1403 multis
669 1340 818 1419 theologis
842 1350 914 1403 tunc
935 1347 964 1402 et
985 1338 1037 1402 diu
1060 1347 1164 1420 postea
1186 1341 1295 1404 acriter
1316 1340 1478 1420 impugna·

392 1438 491 1514 batur,
520 1454 587 1500 vere
613 1438 775 1500 transitum
800 1437 1025 1501 constituebant
1046 1454 1064 1500 a
1086 1438 1169 1502 lucro
1196 1447 1333 1502 cessante
1359 1438 1481 1519 dequo

390 1537 522 1618 speciale
537 1545 658 1616 pactum
675 1534 843 1599 ineundum
858 1535 909 1611 sit,
923 1534 962 1598 ad
978 1535 1096 1598 lucrum
1109 1552 1232 1599 cessans
1243 1536 1325 1616 quod
1337 1537 1480 1600 omnibus

389 1642 612 1716 praesumatur.

431 1736 511 1798 Haec
526 1741 637 1808 autem,
656 1742 688 1796 ut
703 1741 794 1814 patet,
816 1743 881 1797 erat
899 1732 1108 1804 interpretatio
1131 1731 1309 1797 doctrinalis
1330 1733 1478 1797 tactorum

390 1832 662 1906 oeconomicorum,
692 1848 752 1895 non
782 1832 895 1894 creatio
925 1847 1021 1894 novae
1049 1831 1194 1894 theoriae.
1227 1833 1356 1912 insuper
1384 1832 1480 1912 liquet

391 1937 538 2011 quantum
554 1931 700 1993 inssuxum
718 1931 750 1994 in
765 1930 894 1994 eandem
915 1930 1196 2011 interpretationem
1218 1931 1409 2011 probandam
1433 1933 1479 1995 vel

300 2087 302 2090 .
391 2029 588 2108 rejiciendam
604 2029 790 2092 exercuerint
806 2028 1023 2109 dispositiones
1038 2039 1196 2092 auctorum
1211 2030 1405 2109 suchctivae.
1423 2033 1482 2093 Per

390 2127 448 2192 tria
463 2128 562 2191 adbuc
581 2129 713 2202 saecula,
731 2138 894 2208 autequam
916 2128 948 2189 in
969 2128 1097 2191 scientia
1114 2126 1268 2191 definitive
1289 2128 1480 2205 admittatur,

388 2227 471 2289 vario
483 2226 574 2289 modo
585 2226 760 2306 agitabitur.
775 2227 858 2300 Quae
874 2226 900 2288 si
916 2241 988 2305 prae
1004 2226 1101 2289 oculis
1116 2226 1295 2300 habeantur,
1313 2226 1481 2290 multorum

389 2327 572 2406 scriptorum
601 2326 804 2405 sequentium,
837 2325 889 2404 qui
920 2335 953 2387 ut
982 2326 1101 2405 patroni
1132 2325 1212 2388 tituii
1243 2325 1351 2404 legalis
1379 2325 1479 2388 afferri

389 2425 499 2498 solent,
515 2424 605 2488 verba
621 2432 649 2488 et
665 2425 831 2488 sententiae
846 2425 878 2486 in
895 2423 1025 2488 eundern
1044 2440 1168 2487 sensum
1187 2434 1256 2504 apte
1274 2424 1476 2504 explicantur.

389 2526 457 2588 Non
473 2523 663 2587 diffitendum
678 2515 780 2587 tamen
801 2522 966 2586 nonnullos
987 2538 1128 2602 expresse
1150 2522 1187 2586 ad
1210 2522 1306 2585 altum
1329 2531 1425 2584 status
1447 2523 1479 2584 in

389 2621 469 2686 bona
495 2621 667 2685 dominium
693 2637 856 2701 provocare
881 2629 915 2683 ut
940 2636 1030 2683 usum
1060 2620 1262 2684 universalem
1288 2620 1474 2702 legitimeut;

391 2719 444 2784 sed
459 2721 551 2784 simui
568 2719 743 2783 addendum
758 2728 803 2782 est
818 2736 837 2781 a
851 2719 960 2799 primis
971 2718 1157 2786 auctoribus.
1171 2718 1224 2797 qui
1240 2717 1316 2780 iilud
1332 2717 1477 2795 allegant,

388 2819 487 2884 eidem
503 2819 581 2882 aiios
596 2819 701 2881 titulos
716 2818 902 2882 extrinsecos
924 2816 978 2880 sed
999 2817 1135 2881 occultos
1156 2817 1299 2897 supponi,
1324 2826 1354 2880 et
1374 2826 1477 2880 aucto-

389 2919 508 2981 ritatem
535 2924 630 2980 status
657 2933 709 2980 seu
733 2915 963 2980 consuetudinis
985 2915 1096 2987 afferri,
1121 2923 1237 2978 tantum
1260 2924 1293 2977 ut
1314 2915 1478 2993 subjective

389 3017 509 3082 etiarnsi
529 3016 605 3081 sorte
628 3015 745 3096 aliquid
769 3014 887 3078 deesset
907 3031 1023 3085 revera.
1048 3022 1219 3078 contractus
1240 3014 1280 3076 sit
1302 3015 1404 3078 licitus
1424 3014 1478 3076 ba-

388 3116 506 3181 bendus
518 3120 552 3194 (e)
566 3135 574 3180 :
589 3124 620 3181 at
634 3118 740 3181 eodem
752 3115 844 3179 modo
861 3116 1027 3194 loquuntur
1037 3130 1143 3178 omnes
1155 3114 1208 3194 qui
1222 3114 1339 3178 lucrum
1354 3127 1478 3177 cessans

419 3381 453 3444 (Ι)
471 3380 507 3438 Ci.
522 3395 614 3447 supra.
627 3395 653 3447 p.
668 3381 708 3438 i'i:
723 3382 750 3435 ct
762 3387 816 3433 ort.
830 3394 864 3443 e.‚
877 3380 917 3432 Le
932 3384 1083 3431 contractus
1102 3379 1272 3444 permunieus
1285 3376 1388 3440 (Reduc
1399 3377 1476 3429 d’bis·

386 3468 454 3519 coire
472 3465 674 3530 ecclesiastieae,
689 3464 732 3526 ΙΙΙ,
746 3477 773 3528 p.
786 3462 834 3518 931
852 3466 880 3518 et
896 3460 956 3516 934.
974 3462 1107 3516 unctores
1125 3459 1188 3515 illos
1207 3460 1308 3515 iterum
1327 3459 1428 3514 babeas
1444 3460 1477 3513 ut

386 3553 516 3614 patronos
528 3548 695 3614 praesumpti
709 3547 778 3602 lucri
791 3546 933 3605 cessantis.
947 3544 1042 3600 saltem
1056 3543 1275 3599 indeterminata
1287 3543 1409 3608 regione.

418 3631 453 3694 (i)
471 3630 526 3686 Tali
539 3630 621 3686 modo
639 3628 798 3692 explicanda
817 3629 897 3684 nobis
915 3627 1025 3683 videtur
1042 3625 1168 3682 doctrina
1186 3625 1310 3692 plurium
1322 3628 1477 3686 auctorum,

388 3726 459 3778 quos
470 3713 499 3766 P.
512 3712 542 3766 Α.
557 3711 701 3766 Burnunnu
712 3709 810 3775 allegat
822 3714 854 3764 ut
866 3712 996 3775 patronos
1008 3707 1081 3762 tituli
1093 3705 1188 3772 legalis
1199 3704 1244 3762 ici.
1258 3707 1277 3760 t.
1291 3704 1337 3769 e),
1357 3705 1478 3762 nomina

387 3796 437 3850 tim
458 3796 500 3858 Sa,
523 3794 722 3858 dovarruviam,
745 3792 927 3855 Haunoldum.
949 3793 1095 3858 Larmann,
1117 3789 1237 3856 struggr,
1254 3792 1307 3846 etc.
1326 3817 1361 3826 -
1377 3789 1479 3846 Eodem

387 3876 470 3932 modo
483 3876 684 3942 interpretanda
696 3875 807 3931 videtur
819 3874 944 3930 doctrina
954 3873 1056 3929 calvini
1073 3876 1101 3928 et
1117 3872 1270 3938 primorum
1283 3871 1371 3938 ipsius
1382 3884 1478 3938 senua-

387 3960 460 4016 cium
479 3958 513 4015 de
530 3959 556 4013 vi
577 3958 645 4025 legis
662 3959 752 4014 civilis
762 3956 806 4021 (oi.
821 3971 913 4023 supra,
927 3970 954 4022 p.
967 3955 1045 4019 itum,
1059 3954 1197 4021 aquibus,
1210 3954 1263 4009 boc
1274 3954 1328 4009 sub
1339 3958 1477 4020 respectu.

385 4041 563 4098 dissentiebat
575 4041 732 4106 Salmasius,
746 4041 849 4096 liberae
861 4039 1069 4096 concurrentiae
1081 4041 1213 4104 patronus
1224 4034 1269 4099 (ci.
1280 4050 1374 4102 supra.
1388 4051 1414 4103 p.
1425 4035 1476 4098 15).

389 4123 514 4180 Calvinus
533 4128 623 4180 tamen
643 4126 671 4180 et
691 4137 830 4190 seuuooes.
852 4124 884 4179 ut
903 4123 978 4188 patet
993 4134 1028 4178 ex
1045 4121 1127 4177 dictis
1147 4119 1181 4176 de
1197 4119 1322 4186 ejusdem
1342 4119 1478 4182 doctrina,

1584 1904 1592 2111 N

1587 2168 1594 2431 t
