3242 4959
431 407 493 472 uel
602 443 606 452 ·
797 425 871 471 rans
884 425 1005 471 sumna.
1022 425 1102 472 secr.
1119 425 1152 471 u.

428 607 473 667 se,
490 590 522 654 iu
537 589 748 654 distribuendo
763 591 806 654 rei
822 589 987 670 productae
1004 590 1118 667 valore,
1136 589 1258 654 uouuisi
1275 589 1362 654 valor
1376 588 1514 653 substan·

429 688 488 753 tiae
503 690 603 770 primo
618 690 788 771 possessori
802 690 883 768 juste
897 689 1048 754 obveniet.

469 889 507 952 Et
520 888 595 952 haec
610 887 746 967 applices
760 886 852 951 rebus
866 887 1009 952 omnihus
1030 886 1069 950 ud
1091 886 1356 966 consumptionem
1379 886 1511 963 tributim

428 987 576 1068 applices,
593 986 673 1050 inter
687 986 759 1060 alia,
776 986 931 1050 alimentis
946 1002 1024 1065 quae
1043 992 1213 1049 sustentant
1231 984 1358 1065 opilices
1380 984 1513 1064 uiresque

427 1086 573 1160 releuant,
603 1095 632 1148 ct
658 1085 768 1165 quibus
794 1085 1012 1149 oeconomistae
1036 1083 1176 1148 hodierni
1200 1083 1353 1146 rationem
1379 1082 1512 1163 capitalis
1593 1080 1594 1157 3

428 1187 580 1250 lucrosam
596 1185 753 1265 imponere
764 1186 967 1249 communiter
978 1185 1087 1248 solent.
1102 1186 1146 1248 Eo
1157 1185 1203 1248 vel
1215 1184 1316 1264 magis
1330 1183 1512 1263 principium
1593 1184 1594 1187 ’

428 1291 573 1348 statutum
589 1285 672 1348 hisce
687 1285 843 1347 alimentis
857 1294 903 1347 est
917 1284 1145 1364 applicandum,
1162 1283 1243 1362 quod
1266 1282 1459 1362 impossibile
1477 1281 1511 1344 sit
1594 1352 1595 1375 χ

427 1385 461 1446 iu
475 1383 600 1463 plenum
613 1383 732 1463 opilicis
744 1382 914 1447 dominium
926 1397 989 1446 uon
1000 1382 1129 1445 transire
1142 1381 1299 1457 alimenta,
1313 1381 1430 1460 quippe
1441 1395 1513 1460 quae
1594 1380 1595 1421 l

428 1492 458 1548 el
472 1484 503 1546 iu
519 1483 654 1560 ejusdem
671 1498 832 1562 personam
852 1490 1018 1545 transeant.
1036 1482 1122 1545 Unde
1143 1498 1213 1546 curu
1234 1481 1344 1561 opiiioe
1364 1481 1457 1544 herus
1476 1496 1510 1544 ne

428 1582 580 1647 societatis
606 1581 729 1660 quidem
755 1591 942 1645 contractum
969 1581 1046 1644 inire
1070 1589 1174 1661 posset
1198 1579 1235 1644 de
1262 1581 1348 1644 lucro
1374 1597 1411 1644 eu
1432 1579 1509 1642 hisce

427 1681 582 1746 alimentis
597 1680 686 1760 puosl
701 1698 739 1744 eu
752 1681 819 1743 suis
830 1679 961 1744 mediate
975 1678 1125 1752 oriundis,
1138 1677 1399 1758 quemadmodum
1414 1686 1508 1758 posset
1595 1724 1596 1741 i

426 1779 464 1842 de
482 1779 563 1842 luero
579 1795 615 1841 ex
631 1779 759 1858 pecunia
773 1797 843 1852 suo,
861 1779 906 1841 vel
929 1795 965 1840 ex
984 1777 1169 1841 animalibus
1187 1776 1256 1838 suia
1271 1798 1281 1837 :
1297 1787 1327 1838 et
1342 1785 1444 1838 tamen
1463 1773 1508 1836 viu

427 1878 587 1957 negahitur
602 1878 757 1952 alimenta,
774 1893 862 1940 secus
881 1893 915 1941 ac
937 1876 1108 1956 pecuniam,
1125 1874 1242 1954 aliquid
1264 1875 1362 1938 active
1384 1873 1508 1955 produc·

427 1974 536 2037 civitati
562 1973 673 2038 addere
699 1975 824 2038 laboris.
854 1975 940 2049 Quod
967 1974 1137 2045 statuendo,
1165 1974 1340 2036 nullatenus
1366 1988 1508 2053 negamus

428 2073 581 2135 alimentis
596 2073 659 2136 illis
674 2072 839 2154 aliquando
856 2075 891 2149 (r)
906 2073 996 2152 posse
1013 2079 1101 2135 us'uru
1117 2071 1237 2134 uirtutis
1253 2070 1411 2135 laborandi
1435 2070 1505 2146 emi;

427 2171 480 2235 sed
495 2172 552 2236 lroc
567 2182 612 2235 est
627 2189 751 2252 prorsus
766 2171 850 2234 aliud
869 2188 875 2234 :
894 2172 935 2233 ita
949 2170 1032 2233 euim
1048 2171 1182 2233 salvatur
1198 2169 1298 2250 ipsius
1313 2169 1428 2232 loboris
1442 2184 1509 2250 pro-

426 2269 598 2338 duolivilas.
615 2272 689 2333 duru
705 2271 805 2350 priore
822 2270 1015 2350 concipiendi
1037 2268 1140 2345 modo,
1156 2271 1224 2350 ipsa
1244 2270 1392 2333 alimento
1413 2277 1512 2334 esseut

424 2386 459 2432 ex
475 2385 506 2432 se
522 2369 679 2450 frugifera.

466 2469 610 2543 Ulterius
628 2467 708 2531 idem
726 2467 911 2547 principium
927 2467 1144 2546 applicandum
1167 2467 1256 2532 nobis
1277 2467 1399 2531 videtur
1417 2467 1509 2530 cuivis
1598 2528 1599 2547 ,

423 2565 467 2629 rei
480 2565 615 2642 (maliere
630 2565 801 2645 premierel,
816 2565 896 2628 circa
908 2581 1011 2644 uuam.
1027 2575 1059 2628 ut
1070 2566 1233 2643 objectum,
1243 2566 1396 2629 industria
1412 2581 1508 2628 versa·

424 2672 473 2727 tur
487 2671 516 2727 el
538 2680 615 2744 uuae
631 2678 692 2726 uon
708 2671 825 2726 lautum
841 2662 1066 2726 accidentaliter
1081 2673 1195 2727 mutatu
1214 2674 1243 2728 et
1257 2664 1417 2728 meliorata
1433 2664 1464 2726 in
1478 2678 1511 2724 se

424 2772 592 2844 permanet,
617 2762 671 2826 sed
695 2779 772 2842 quae
794 2763 833 2826 ad
855 2779 968 2826 nouum
989 2779 1056 2826 esse
1076 2764 1285 2843 generandum
1306 2765 1338 2827 iu
1363 2780 1432 2827 esse
1456 2777 1511 2826 suo

422 2864 547 2943 physico
563 2864 779 2942 corrumpitur.

463 2963 609 3038 Tandem,
628 2963 733 3026 eodem
758 2963 848 3026 modo
870 2962 1033 3027 dicendum
1049 2963 1169 3026 videtur
1184 2963 1276 3026 etiam
1291 2963 1328 3026 de
1343 2963 1505 3035 frumento,

421 3071 450 3126 et
475 3061 630 3126 similibus
656 3070 781 3125 naturae
808 3061 968 3135 fructibus,
994 3059 1126 3124 eumad
1152 3077 1240 3123 usum
1267 3060 1510 3143 consumptionis

420 3160 570 3239 quemvis,
594 3175 649 3239 pru
677 3159 802 3222 alterius
828 3158 964 3233 arbitrio,
988 3158 1194 3222 conceditur:
1218 3175 1274 3223 nee
1293 3158 1389 3222 reiert
1409 3169 1507 3223 utrum

420 3257 471 3320 hic
491 3257 536 3320 eis
558 3265 659 3320 utatur
683 3256 720 3319 ad
743 3257 858 3331 cibum,
881 3273 921 3318 an
942 3256 980 3319 ad
1002 3257 1266 3331 commutationes,
1288 3273 1329 3319 an
1353 3257 1447 3321 etiam
1471 3254 1508 3318 ad

419 3373 526 3436 agmm
549 3356 722 3420 serendum.
747 3356 905 3431 Quamuis,
928 3365 961 3419 ut
982 3372 1086 3420 semen
1107 3355 1289 3428 adhibitum,
1311 3356 1344 3419 in
1365 3373 1433 3420 esse
1454 3370 1509 3418 suo

418 3462 639 3535 corrumpatur,
658 3455 753 3516 active
771 3464 873 3518 temen
897 3471 932 3518 ac
953 3453 1085 3517 vitaliter
1105 3453 1144 3518 ad
1166 3471 1277 3518 novum
1294 3453 1369 3535 quid
1384 3454 1508 3533 majoris

416 3552 530 3616 valoris
555 3550 783 3633 producendum
813 3563 955 3635 operatur
983 3569 990 3613 :
1018 3559 1047 3614 et
1072 3552 1284 3628 nihilominus,
1308 3550 1505 3633 supponendo

415 3667 506 3715 usum
528 3651 572 3713 rei
594 3650 720 3731 plenum
737 3651 870 3731 relinqui
893 3651 980 3714 nutui
1002 3650 1190 3729 accipientis,
1208 3650 1298 3714 uobis
1312 3667 1376 3714 non
1391 3650 1508 3715 uidetur

416 3766 434 3813 a
460 3747 608 3811 creditore
637 3746 798 3811 formalem
825 3749 868 3811 rei
894 3746 1159 3829 productivitatem
1181 3748 1316 3811 invocari
1345 3764 1450 3828 posse,
1476 3751 1511 3809 ut

417 3848 491 3930 ipsi,
509 3847 588 3911 ultra
609 3846 653 3909 rei
677 3847 822 3923 valorem,
839 3863 911 3927 pars
933 3846 1009 3910 lucri
1032 3846 1192 3909 tribuatur.
1210 3847 1330 3910 Etenim
1352 3848 1386 3910 in
1408 3847 1506 3910 valore

452 4086 485 4149 (ll
503 4085 612 4141 lliuime
624 4082 742 4140 dicimus
757 4099 874 4150 semper,
887 4085 917 4140 in
932 4086 1004 4139 statu
1022 4082 1137 4139 normali
1156 4083 1304 4148 societatis,
1318 4085 1472 4142 industriae
1481 4085 1511 4138 et

417 4166 538 4233 opillois;
553 4170 580 4222 at
593 4166 638 4222 hio
650 4167 737 4222 nostri
750 4179 805 4220 nou
818 4167 860 4222 est
871 4165 906 4222 de
915 4164 991 4232 justo
1002 4164 1102 4220 salario
1112 4178 1202 4230 agere.
