3242 4959
400 414 460 478 130
768 432 841 476 raas
856 431 976 478 1111οΑ.
995 432 1073 478 6101.
1092 433 1114 476 r.

399 601 479 664 iesso
500 599 538 662 ad
561 600 658 662 instar
679 599 765 678 quasi
789 598 951 661 axiomatis
973 599 1069 678 pouit,
1095 598 1235 679 capitale,
1253 633 1294 642 -
1309 597 1390 678 quod
1403 598 1486 676 juxta

398 700 500 779 ipsum
512 713 741 777 nonnumquam
755 713 825 760 cunr
839 705 946 760 natura
958 696 1162 760 intervertitur
1175 699 1222 774 (a),
1237 697 1378 776 quodque
1395 697 1486 760 inra-

398 798 479 860 tione
494 813 604 859 causae
618 795 813 875 productivae
829 809 845 857 a
862 795 927 858 solu
944 796 1046 859 labore
1065 785 1198 858 humano
1219 794 1429 875 distinguitur,
1447 829 1485 838 -

397 897 494 960 labori
504 895 655 974 iunctum.
670 895 761 957 simul
774 911 809 958 ac
822 893 968 967 laborem,
981 910 1084 956 uerum
1097 910 1160 956 essu
1171 911 1297 956 curteum
1307 893 1483 972 permirar-

398 1002 457 1058 tem
472 997 542 1059 novi
558 995 671 1058 valoris
693 1012 777 1067 6606,
796 995 847 1074 qui
871 1010 967 1057 novus
988 995 1073 1057 valor
1094 994 1282 1072 aequivaleat
1305 1002 1368 1055 tum
1391 993 1483 1055 valori

397 1092 670 1156 cousummationis
692 1091 833 1172 capitalis
858 1101 888 1154 et
911 1090 1035 1165 laboris,
1059 1103 1123 1154 tum
1149 1091 1274 1170 insuper
1300 1091 1483 1154 incremento

396 1193 520 1260 valoris.
538 1190 698 1255 tribuendo
713 1201 743 1254 et
758 1191 879 1270 capitali
897 1200 925 1252 et
943 1191 1037 1254 labori
1051 1192 1097 1266 (a).
1114 1189 1227 1264 Quodsi
1244 1189 1353 1252 deiude
1369 1197 1482 1251 1601001

397 1292 517 1373 pondus
538 1292 608 1355 lruic
629 1292 778 1371 respectui
800 1291 948 1370 imponat,
966 1290 1106 1370 capitale.
1125 1306 1178 1352 seu
1200 1299 1353 1361 naturam,
1379 1305 1433 1369 prr
1452 1305 1482 1350 se

397 1409 459 1455 non
488 1408 554 1455 esse
583 1391 795 1472 productivum
826 1389 879 1454 sed
908 1397 1025 1453 tanturm
1047 1388 1253 1470 produetlbr'le
1335 1390 1376 1450 sit
1398 1389 1481 1451 venia

397 1491 480 1555 verbi
497 1507 588 1553 sensu
604 1490 701 1552 activo
721 1488 851 1551 adhibiti
867 1523 917 1561 -,
937 1487 967 1550 id
983 1496 1039 1560 est,
1058 1504 1117 1550 000
1133 1504 1199 1550 6666
1216 1487 1248 1548 10
1268 1496 1335 1550 6010
1359 1487 1481 1550 60016111

397 1587 596 1671 0101006011.
611 1585 664 1650 sed
677 1587 853 1666 inpotentia
866 1593 998 1664 tantum;
1013 1587 1149 1665 insuper,
1162 1596 1196 1648 ut
1207 1587 1247 1648 sit
1258 1585 1479 1664 productivum,

397 1687 523 1752 omnino
535 1696 674 1765 oportere
689 1685 785 1748 labori
798 1685 1009 1765 coniungatur,
1021 1684 1096 1748 adeo
1109 1693 1141 1746 ut
1152 1685 1237 1747 valor
1248 1683 1415 1765 productus
1425 1699 1482 1748 non

398 1786 457 1848 suli
479 1784 601 1864 capitali
623 1784 664 1845 sit
685 1782 865 1847 tribuendus
886 1786 933 1860 (a),
953 1817 992 1828 -
1008 1783 1065 1846 boe
1086 1800 1160 1846 sane
1182 1792 1250 1863 post
1271 1783 1350 1846 dicta
1378 1799 1482 1864 parum

430 1981 465 2043 (ll
482 1980 519 2036 ci.
540 1995 565 2036 v.
585 1996 622 2046 g..
643 1995 669 2046 0.
689 1979 746 2043 119,
765 1981 823 2044 151,
841 1981 904 2036 eoll.
924 1980 1013 2036 1816.
1032 1981 1103 2036 Nibil
1122 1995 1187 2038 sane
1206 1981 1319 2046 impedit
1337 1981 1484 2048 quominus

399 2066 495 2119 natura
507 2063 622 2129 capitale
635 2063 812 2129 ingrediatur.
826 2063 863 2119 di.
877 2078 958 2128 supra
974 2078 1000 2129 p.
1015 2063 1072 2126 lll,
1087 2078 1113 2118 n.
1131 2066 1152 2118 l.

430 2138 465 2199 (1)
483 2137 519 2192 be
531 2137 632 2194 valore.
645 2151 727 2203 quem
740 2137 885 2203 distinguit
897 2139 925 2192 in
936 2139 1056 2194 valorem
1069 2140 1313 2198 cousummationis.
1326 2141 1354 2192 et
1366 2137 1484 2192 valorem

397 2236 469 2279 auur.
482 2219 571 2286 deque
584 2219 746 2276 formatione
757 2223 821 2276 novi
834 2221 934 2276 valoris
951 2221 1063 2277 disserit
1079 2224 1238 2288 praesertim
1252 2236 1278 2287 p.
1293 2220 1411 2277 138151.
1426 2239 1442 2268 «
1452 2221 1484 2276 La

397 2302 491 2358 valeur
503 2303 545 2357 661
557 2301 582 2356 16
594 2300 677 2367 degre
689 2301 805 2357 d’utilite
817 2303 881 2368 plus
892 2317 927 2358 ou
942 2303 1031 2357 moins
1043 2303 1138 2368 grand,
1152 2303 1235 2370 qu‘un
1248 2301 1323 2368 abiet
1339 2301 1374 2357 de
1391 2302 1485 2358 raleur

397 2382 548 2439 materielle
567 2397 604 2438 ou
626 2398 664 2438 un
684 2383 748 2440 bien
768 2383 874 2439 iournit
893 2398 928 2439 en
950 2383 1043 2440 realite
1064 2399 1112 2450 par
1132 2386 1233 2450 l'usage
1252 2386 1334 2451 qu'on
1355 2399 1391 2440 en
1411 2385 1460 2440 luit
1471 2400 1485 2429 >³

396 2468 433 2531 (0.
448 2465 514 2526 lid).
528 2464 667 2520 Notandus
685 2469 777 2520 autem
796 2467 838 2520 est
856 2479 954 2521 sensus
966 2466 1112 2532 peculiaris
1122 2467 1170 2532 qui
1183 2466 1217 2521 ab
1229 2471 1341 2522 auctore
1353 2466 1485 2522 tribuitur

396 2549 483 2604 valori
502 2549 756 2610 consummationis,
773 2551 801 2602 61
819 2549 903 2603 valori
922 2563 990 2604 usus
1010 2569 1016 2603 :
1036 2550 1112 2604 valor
1129 2553 1363 2603 uuusumnuuttorats
1381 2553 1424 2604 est
1436 2547 1486 2603 «la

396 2630 490 2686 valeur
508 2629 718 2694 fondamentum,
732 2629 757 2684 la
773 2629 869 2685 valeur
880 2631 978 2697 qu'elle
990 2632 1112 2686 contient
1123 2645 1158 2686 eu
1169 2631 1231 2695 elle,
1246 2632 1270 2686 la
1282 2631 1375 2687 valeur
1386 2630 1485 2696 qu'elle

396 2712 604 2775 aeonsommee,
615 2712 639 2766 la
652 2713 745 2768 valeur
754 2711 896 2778 d'origine,
907 2715 934 2766 tu
948 2715 1163 2775 uuteuro’uelaut,
1175 2714 1199 2768 la
1211 2715 1305 2770 valeur
1317 2715 1351 2769 de
1364 2718 1485 2769 nature»

395 2796 432 2860 (p.
446 2794 517 2858 ll3t;
531 2794 608 2850 valor
619 2809 682 2846 uerus
694 2798 736 2850 661
748 2812 763 2842 α
773 2808 828 2850 006
844 2795 1000 2857 601161601;
1013 2795 1078 2851 o’est
1089 2795 1114 2850 la
1125 2795 1219 2850 valeur
1237 2795 1483 2858 conventionnelle,

397 2880 426 2930 tu
437 2879 532 2930 auteur
543 2878 740 2939 commordete,
751 2890 786 2931 ou
800 2874 825 2930 la
837 2876 931 2932 valeur
942 2877 1041 2943 qu'elle
1053 2891 1067 2930 a
1080 2891 1114 2932 en
1127 2877 1217 2932 raison
1229 2876 1265 2932 du
1280 2877 1373 2932 travail
1386 2876 1484 2943 qu'elle

397 2957 610 3019 6000111111).
624 2959 734 3024 Nempe,
747 2959 770 3014 si
785 2972 842 3014 rem
861 2959 931 3014 bene
949 2959 1137 3024 intelligimus,
1151 2959 1227 3014 valor
1242 2959 1484 3014 consummationis

396 3042 550 3108 aequivalet
570 3043 659 3108 pretio
679 3056 735 3109 quo
755 3042 893 3108 obiectum
913 3045 1023 3106 emitur,
1043 3043 1119 3098 valor
1139 3057 1206 3099 usus
1227 3045 1315 3109 pretio
1335 3058 1391 3110 quo
1413 3043 1484 3099 idem

397 3123 545 3190 obiectum,
560 3129 703 3192 postquam
715 3124 809 3180 labore
821 3129 1019 3180 transmutatus
1030 3127 1081 3187 est,
1091 3124 1219 3181 venditur
1233 3145 1239 3180 :
1253 3127 1324 3182 inter
1336 3131 1483 3194 utrumque

398 3205 515 3260 babetur
541 3206 740 3261 incrementum
764 3206 865 3261 valoris
883 3209 947 3268 lune
965 3207 1124 3269 survaleurl.
1144 3207 1175 3262 Et
1194 3207 1305 3274 quidem
1326 3212 1432 3271 600101,
1451 3207 1482 3263 ad

397 3287 468 3342 banc
478 3287 683 3343 distinctionem
700 3286 879 3350 condendam,
893 3302 949 3343 non
961 3289 1073 3355 respicit
1085 3292 1179 3344 ulrum
1192 3303 1235 3346 res
1248 3290 1277 3344 in
1288 3303 1317 3344 se
1330 3293 1484 3355 permaneat

397 3382 493 3432 neone,
502 3368 550 3424 sed
563 3371 669 3424 tantum
679 3383 714 3424 an
725 3369 777 3435 ipsi
786 3370 938 3436 possessori
950 3370 1070 3436 aliquem
1079 3385 1160 3428 usum
1170 3372 1259 3437 pretio
1268 3371 1481 3437 appretiabilem

397 3451 499 3507 laboris
511 3466 602 3515 01066,
616 3453 703 3518 possit
721 3453 827 3509 allerre.
841 3452 906 3510 inde
917 3453 950 3509 ad
963 3453 1033 3508 mira
1050 3453 1182 3520 quaedam
1201 3453 1311 3510 deuenit
1322 3470 1347 3509 v.
1362 3468 1388 3520 g.
1404 3468 1484 3509 :uon

395 3537 464 3599 peut
480 3533 623 3601 employer
641 3534 681 3590 les
699 3549 823 3601 pommes
843 3534 879 3590 de
899 3538 972 3590 terre
992 3550 1063 3601 pour
1083 3536 1108 3590 la
1128 3549 1284 3591 semence...
1303 3535 1371 3591 dans
1390 3551 1421 3594 00
1440 3549 1484 3592 066

395 3617 495 3682 l'usage
506 3618 548 3673 est
560 3614 673 3672 distinct
685 3616 720 3672 de
732 3617 756 3671 la
769 3618 987 3673 consommatiou
996 3632 1012 3662 u
1025 3617 1099 3682 (tu.);
1109 3619 1132 3673 si
1145 3619 1180 3672 ita
1194 3617 1294 3673 babent
1303 3632 1385 3674 usum
1397 3632 1412 3672 a
1423 3631 1483 3674 uuu-

395 3700 552 3764 sumptione
571 3698 745 3762 distinetum,
766 3699 835 3754 mala
855 3700 921 3756 baec
940 3701 1026 3753 toeurr'
1044 3703 1174 3763 possent?
1191 3701 1300 3755 econtra
1319 3717 1335 3747 α
1348 3713 1385 3755 00
1403 3699 1482 3767 piano

395 3782 479 3848 qu’un
494 3796 595 3849 paysan
606 3795 693 3848 gagne
705 3782 773 3838 dane
784 3797 840 3839 une
852 3783 950 3839 loterie
961 3783 1001 3838 n'a
1014 3783 1115 3849 qu'une
1126 3785 1221 3836 uuteur
1232 3786 1264 3836 de
1276 3785 1482 3836 consummatior

394 3878 466 3930 pour
478 3864 526 3930 lui,
539 3864 628 3921 laudis
640 3863 706 3931 qu'il
716 3879 731 3919 a
741 3878 795 3919 une
808 3867 902 3918 auteur
911 3866 1015 3932 d'uruue
1031 3878 1103 3931 pour
1119 3878 1155 3919 un
1166 3862 1322 3931 proiesseur
1335 3863 1369 3920 de
1379 3865 1458 3930 piano
1466 3877 1482 3907 ›>

393 3945 452 4011 (rb,
464 3947 553 4011 uota);
567 3947 591 4002 61
604 3961 654 4012 010
667 3945 785 4014 agricola
805 3960 873 4002 usus
890 3950 932 4002 est
949 3947 1134 4012 consumptio,
1150 3947 1362 4002 instrumentum
1381 3945 1433 4002 boc
1449 3943 1482 3998 ab

394 4027 456 4092 ipso
474 4027 557 4083 locari
575 4042 632 4083 non
650 4030 752 4094 006661,
765 4026 814 4083 sed
833 4030 939 4084 1601001
957 4027 1048 4092 vendi,
1063 4027 1106 4084 vel
1125 4034 1216 4082 ututuu
1234 4027 1328 4084 credi?
1339 4027 1413 4084 -Et
1431 4026 1481 4080 boc

392 4107 459 4248 lug}
466 4113 507 4240 uctf
507 4108 803 4240 Vigetur'ffifffium
812 4109 916 4165 erroris
925 4109 997 4166 cirea
1006 4110 1168 4166 relationem
1178 4109 1309 4174 pecuniae
1317 4108 1349 4166 ad
1359 4108 1480 4176 capitale.

507 4201 536 4240 ‚u
555 4227 573 4252 .,
586 4200 613 4252 p.
678 4214 686 4224 ·
740 4225 746 4239 .
