3242 4959
405 480 470 554 '248
771 505 1127 553 rtnsttrsm.sncr.rr.
1161 535 1167 544 ι

407 677 410 690 ’
449 667 531 747 Quas
549 670 761 736 conclusiones
783 672 864 736 circa
886 671 1054 736 auctarium
1076 687 1112 734 ex
1134 677 1240 734 mutuo
1264 666 1402 750 qua'tali
1421 681 1495 734 eum

407 769 594 851 respectiris,
621 770 647 833 si
673 769 784 850 placet,
808 779 873 833 tum
898 769 1167 834 oeconomistarnm
1192 777 1257 832 tum
1280 767 1500 848 theologorum

405 866 727 932 sententiisoonleras.

805 1081 1027 1146 hltllcllhils
1048 1081 1087 1145 ll.
1479 1110 1481 1115 ·

458 1243 505 1293 nn
518 1244 612 1294 noun
626 1243 802 1294 ruuroms
817 1243 999 1294 nonenero
1013 1243 1155 1294 cenom
1170 1243 1441 1294 conruunuusa.

403 1497 405 1504 ,
449 1443 582 1507 Breviter
605 1442 795 1507 ostendimus
825 1442 915 1508 modo
940 1443 1123 1508 elementum
1152 1445 1298 1524 temporis
1323 1443 1498 1508 formaliter

400 1542 512 1607 crediti
528 1552 706 1622 conceptum
722 1543 852 1624 ingredi,
868 1559 924 1606 nec
939 1551 1040 1607 tamcn
1054 1543 1191 1622 eiusdem
1212 1552 1353 1608 naturam
1374 1543 1488 1625 gratui·
1591 1530 1592 1593 ἶ

402 1649 469 1705 tam
490 1642 536 1705 vel
555 1657 716 1705 onerosam
737 1651 867 1706 mutare.
890 1641 977 1716 quod
999 1643 1150 1707 scolastici
1173 1643 1246 1707 olim
1268 1659 1324 1706 suo
1346 1642 1495 1723 loquendi

406 1739 496 1804 modo
521 1739 688 1820 exprimere
717 1739 867 1815 solebant,
898 1739 1034 1804 dicentes
1057 1748 1219 1821 «tempus,
1248 1748 1351 1822 utpote
1375 1741 1487 1805 honum

331 1859 334 1866 ·
404 1839 554 1913 omnium,
581 1837 672 1901 vendi
697 1854 759 1901 non
783 1855 874 1918 posse
891 1863 919 1902 t.
948 1840 1058 1904 Contra
1079 1839 1159 1903 hanc
1179 1848 1282 1902 autem
1306 1840 1488 1920 positionem
1592 1922 1593 1927 ἵ

405 1944 553 2008 nostram,
570 1952 631 2000 non
645 1935 809 2000 diffitemur
824 1937 984 2001 subtiliora
998 1938 1120 2017 congeri
1136 1953 1237 2018 posse,
1262 1948 1290 2002 et
1313 1936 1352 2001 de
1372 1936 1452 2001 lacto
1471 1953 1488 2000 a

406 2033 550 2097 scientiae
575 2034 765 2114 principihns
791 2035 866 2098 olim
891 2045 920 2099 et
944 2052 1024 2099 nunc
1047 2036 1181 2116 congeri.
1207 2036 1290 2110 Quae
1314 2034 1443 2115 proinde
1463 2035 1489 2098 si

406 2133 642 2214 praetermittere
671 2133 758 2198 nefas
783 2142 873 2210 esset,
903 2143 1003 2198 mmen
1030 2135 1119 2198 nohis
1148 2134 1288 2198 videntur
1315 2151 1377 2198 non
1403 2150 1488 2216 aegre

406 2232 543 2309 dissolri,
558 2232 722 2296 dummodo
738 2233 889 2314 principia
904 2235 1006 2298 omnia
1021 2235 1177 2312 hucusque
1192 2234 1292 2313 posita
1303 2234 1406 2361 stricte
1420 2250 1497 2314 prae
1593 2230 1594 2257 *

406 2331 503 2395 oculis
516 2330 694 2395 habeantur.

448 2428 547 2492 ldeo
539 2429 692 2509 imprimis
713 2445 773 2508 qno
794 2429 898 2492 tendat
918 2429 1104 2510 oppugnatio
1124 2429 1320 2493 manifestum
1344 2430 1406 2494 liat.
1424 2431 1495 2494 Non·
1594 2472 1595 2531 3

406 2667 464 2723 hari
479 2686 485 2721 :
498 2680 601 2728 revera,
613 2667 662 2734 qui
674 2667 813 2723 notionem
826 2667 956 2735 rogalici,
970 2666 1015 2722 hic
1033 2667 1114 2723 sicuti
1131 2667 1160 2722 in
1176 2667 1304 2725 omnibus
1315 2667 1385 2724 locis
1396 2670 1445 2726 uhi
1456 2669 1496 2725 de·

402 2767 490 2810 susura
502 2754 567 2820 agit,
580 2753 695 2819 inquirit
707 2753 810 2820 absque
822 2752 1004 2820 praeiudicata
1016 2751 1155 2818 opinione,
1167 2753 1331 2819 simpliciter
1345 2754 1489 2811 concludet

408 2849 519 2892 usuram
531 2849 592 2891 esse
603 2848 676 2901 ‹tpro
695 2849 748 2892 usu
765 2836 897 2901 pecuniae
912 2841 1049 2888 mutuatae
1066 2836 1104 2897 [et
1114 2838 1282 2891 caeterarum
1294 2835 1488 2902 consumptibi-

403 2918 475 2974 ¹lium
487 2932 676 2985 qnaesemper
693 2917 752 2973 ah
745 2933 806 2984 rpso
824 2919 955 2984 pecuniae
972 2919 1194 2984 aequiparantur]
1209 2919 1333 2985 accipere
1350 2920 1497 2985 pretium»-

401 3002 444 3065 ³(h·
455 3002 503 3057 2⁸⁰.
516 3016 544 3067 q.
558 3001 686 3064 hllllvlll,
700 3015 724 3056 a.
738 3001 763 3065 l,
776 3000 821 3062 c..)
834 3000 1129 3068 randen30quona1n
1146 3000 1228 3057 modo
1244 3001 1408 3057 exllhess.
1420 3002 1462 3062 lv
1474 3000 1499 3057 6·

404 3085 532 3139 accurata
543 3087 570 3139 et
581 3082 728 3139 scientifica
749 3095 849 3138 usurae
864 3083 941 3138 notio
957 3081 1063 3138 desumi
1077 3082 1172 3147 possit,
1185 3082 1313 3148 equidem
1325 3097 1381 3139 non
1393 3082 1490 3139 intelli·
1479 3110 1499 3120 ·-

402 3164 490 3228 gitur.

414 3247 493 3302 llac
516 3246 627 3302 notione
649 3245 817 3303 traditionali
841 3245 963 3311 probata,
984 3245 1053 3301 nihil
1076 3259 1142 3301 sane
1163 3245 1242 3302 obest
1261 3246 1489 3313 quintanorum

405 3342 491 3384 usura
511 3328 617 3385 dicatur
636 3333 788 3382 auctarium
807 3342 894 3381 vorax
912 3343 959 3381 seu
977 3331 1186 3382 irnmodcrutrtm
1204 3347 1213 3383 .·
1231 3342 1337 3392 vorum,
1356 3331 1389 3386 ut
1408 3332 1498 3397 patet

402 3410 471 3466 talis
481 3410 653 3477 concipiendi
665 3409 763 3465 modus
774 3410 903 3466 cohaeret
914 3410 995 3466 unioe
1005 3410 1142 3477 adjunctis
1154 3424 1247 3467 rerum
1257 3413 1497 3480 contingentibus,

403 3504 458 3549 ‘neo
477 3492 659 3548 universalem
676 3492 818 3547 veritatem
838 3505 889 3557 pro
909 3493 984 3547 omni
1004 3497 1128 3558 tempore
1147 3507 1179 3548 ac
1196 3493 1258 3550 loeo
1276 3493 1394 3550 includit
1412 3514 1419 3550 :
1439 3493 1489 3549 nisi

398 3577 507 3638 tamen,
520 3573 593 3642 quod
610 3573 759 3641 rejicimus,
772 3572 880 3630 dicatur
895 3575 1038 3640 pecuniam
1054 3589 1086 3631 ae
1102 3589 1146 3631 res
1162 3575 1390 3639 consumptibilcs
1407 3578 1492 3631 locon

402 3671 498 3723 posse.

441 3739 569 3804 Tandem,
582 3739 651 3795 nihil
668 3739 747 3795 obest
762 3739 920 3805 quominus,
934 3753 985 3806 pro
996 3741 1132 3794 homenis
1143 3743 1284 3808 adjuncto,
1297 3743 1497 3798 oeconomistae·

401 3825 435 3878 ot
451 3821 605 3888 jurisperiti
625 3821 705 3876 aliam
725 3823 847 3877 statuant
865 3834 966 3877 usurae
987 3823 1126 3878 notionem
1141 3825 1300 3889 juridicum,
1320 3837 1374 3890 qua
1394 3837 1498 3891 nempe·

399 3905 522 3969 erucem,
542 3904 683 3960 hodiernis
703 3904 731 3958 iu
752 3902 897 3969 adiunctis,
915 3904 1088 3970 quandonam
1106 3904 1178 3961 adsit
1196 3919 1298 3962 usurae
1314 3907 1420 3964 crimen
1439 3925 1446 3963 ε
1463 3908 1491 3963 et

404 3988 476 4044 haec
493 3987 635 4054 inquisitio
652 3987 808 4044 annectitur
824 3988 1027 4043 coutroversiae
1044 3987 1079 4044 de
1097 3987 1224 4045 libertate
1242 3987 1358 4054 juridica
1378 3989 1495 4046 loeuoris

402 4067 453 4132 ,ici
465 4067 788 4135 supranotatum
807 4068 994 4134 quidem,snh
1014 4070 1067 4126 hoc
1087 4075 1222 4136 respectu,
1235 4071 1385 4127 inunitam
1405 4071 1489 4128 notio

403 4153 472 4207 olem
484 4165 583 4208 usurae
594 4150 808 4254 variasiniurias
827 4153 855 4206 in
872 4152 1170 4248 variisoontractihus
1160 4153 1319 4210 commissas
1330 4154 1497 4210 contrahere

402 4235 535 4299 possunt.
598 4281 600 4284 .
699 4261 701 4266 v
814 4260 816 4263 ·
