3242 4959
424 474 489 520 car.
512 474 534 519 1.
558 471 690 519 uternam
711 471 906 525 ouaasrrours.
1164 452 1213 515 lb

109 642 228 711 terent,
259 653 340 717 quae
362 637 532 701 necessario
557 636 595 699 ad
617 636 649 700 id
675 635 907 715 requirebantur
930 668 983 711 —,
1006 634 1083 698 nibil
1111 637 1206 701 etiarn

111 733 312 799 decernimus
326 735 418 799 mado
433 735 470 799 de
489 736 561 799 aliis
580 734 796 810 contractibus,
814 750 870 813 pro
889 734 1000 813 quibus
1014 734 1159 816 Theologi
1174 744 1205 801 et

112 823 279 900 Canonum
294 836 473 917 interpretes
488 835 521 897 in
535 834 671 899 diversas
686 834 799 898 abeunt
819 833 986 897 sententias
998 850 1028 910 »3
1045 833 1098 897 sed
1116 835 1211 899 unice

110 934 216 997 voluit
242 943 277 998 ut
302 934 491 998 consultores
522 939 668 996 «certam
696 932 733 995 de
757 932 863 996 usuris
891 932 1064 995 doctrinam
1091 933 1209 996 consti-⁴

111 1038 251 1108 tament,
269 1033 321 1096 cni
340 1050 403 1096 nan
423 1031 574 1095 mediocre
592 1031 809 1095 detrimentum
827 1030 944 1109 inferre
956 1029 1140 1093 videbantur
1154 1049 1201 1108 ea,

111 1148 198 1211 quoe
211 1149 312 1213 nuper
321 1132 356 1193 in
370 1131 478 1212 nabars
491 1131 598 1212 sporqi
613 1137 767 1211 coeperant
779 1152 807 1193 a.
825 1130 869 1193 [ie
883 1129 990 1193 crediti
1006 1129 1099 1210 igitur
1109 1132 1202 1195 Vero·

110 1232 223 1293 nensis
245 1230 376 1294 liceitate
398 1230 491 1308 nibil;
509 1264 548 1275 -
568 1230 706 1309 nihilque
727 1228 764 1292 de
785 1229 866 1292 trina
886 1236 1052 1303 contractu,
1075 1229 1211 1309 aliisque·

110 1329 310 1409 huJusmodi;
335 1330 412 1392 nibil
435 1328 472 1392 de
487 1328 691 1393 contractibus
706 1328 876 1409 implicitis,
892 1312 962 1391 cu'm
977 1328 1113 1407 praecise
1129 1330 1212 1393 baec

112 1428 223 1491 omnia
236 1428 299 1506 jam
314 1427 429 1491 dudum
445 1427 524 1491 inter
546 1427 702 1507 theologos
721 1435 751 1489 et
773 1425 947 1490 canonistas
962 1425 1201 1506 disputarentur.

112 1528 242 1601 Verum,
270 1526 420 1606 quidquid
446 1526 482 1589 de
504 1526 882 1606 interpretationeborum
903 1524 1063 1588 verborum
1085 1543 1103 1588 a
1126 1543 1204 1590 non·

114 1625 215 1687 nullis
229 1626 270 1688 sit
284 1624 410 1701 dictum,
424 1624 549 1687 omnino
565 1624 728 1687 tenendum
744 1631 790 1686 est
800 1622 998 1687 Beneffictum
1007 1624 1077 1686 XlV
1087 1623 1125 1687 de
1135 1625 1212 1705 ipsa.

117 1720 198 1785 iberi
220 1722 447 1801 fondamentnli
468 1722 629 1786 decernere
650 1722 793 1797 voluisse,
818 1737 895 1801 quae
916 1722 1053 1785 nondum
1073 1739 1092 1785 a
1111 1723 1209 1805 longo

114 1829 255 1901 tempore
270 1821 348 1886 inter
363 1822 529 1885 catholicos
544 1820 707 1902 prodierat,
721 1829 751 1884 et
767 1843 782 1877 e
796 1836 894 1900 nuper
908 1820 941 1883 in
956 1821 1065 1901 vulgus
1080 1823 1204 1901 (ltaliae)

116 1922 222 2003 spargi
238 1929 370 2002 coeperat
384 1944 412 1997 a,
430 1929 560 1985 statuere
575 1921 691 1985 scilicet
705 1929 806 1983 utrum
824 1920 888 1983 beri
904 1921 1000 2001 possit
1017 1930 1050 1984 ut
1064 1938 1156 1985 usura
1171 1924 1207 1985 in

116 2023 220 2103 seipsa
235 2038 371 2103 unquam
387 2022 427 2085 sit
441 2022 535 2097 licita,
553 2038 606 2085 seu
621 2029 722 2085 utrum
737 2038 830 2085 usura
844 2022 1000 2085 moderata
1015 2039 1069 2103 per
1086 2040 1118 2087 se
1133 2041 1204 2104 pec·

117 2128 221 2185 catum
243 2122 284 2185 sit
304 2138 410 2197 necne,
438 2137 491 2184 seu
513 2119 636 2183 tandem
662 2130 774 2196 utrum,
802 2120 903 2200 quoad
926 2121 1002 2185 lucri
1027 2122 1202 2199 liceitatem,

117 2220 370 2302 distinguendum
394 2220 434 2284 sit
457 2220 537 2283 inter
559 2220 708 2283 creditum
728 2220 875 2284 divitibus
891 2220 937 2284 vel
953 2222 1205 2302 negotiatoribus,

117 2329 147 2385 et
171 2331 314 2385 mutuum
339 2321 525 2402 pauperibus
550 2320 664 2384 lactum
689 2322 736 2399 (tt.
762 2322 825 2385 Nec
849 2320 948 2385 lacere
973 2322 1062 2386 nobis
1088 2322 1211 2386 videtur

149 2568 185 2632 (1)
202 2568 300 2624 llirum
321 2571 372 2635 esi,
393 2571 421 2626 ei
440 2569 609 2636 lincyclicam
629 2569 733 2635 absque
751 2568 933 2636 praeiudicata
950 2569 1080 2636 opinione
1102 2570 1205 2635 legenti

117 2649 319 2716 inexplicabile,
343 2651 446 2707 multos
469 2654 595 2707 auctores
618 2649 664 2705 illa
686 2650 769 2706 verba
792 2650 849 2707 «de
871 2653 1013 2708 contractu
1032 2654 1133 2713 autam,
1155 2652 1205 2718 qui

116 2748 202 2790 novas
214 2734 262 2789 bas
274 2735 474 2792 controversias
482 2735 617 2797 excitavit,
628 2734 697 2789 nibil
708 2734 737 2789 in
748 2736 963 2801 praesentiarum
974 2735 1152 2799 statuimus»,
1165 2736 1204 2791 ita

116 2816 301 2883 interpretari,
315 2818 392 2883 quasi
405 2816 568 2873 Benedictus
580 2817 635 2871 xlv
646 2816 761 2871 dixisset
779 2830 809 2872 se
827 2816 902 2872 nolle
918 2816 994 2883 loqui
1011 2817 1047 2873 de
1062 2819 1205 2873 contractu
1226 2883 1228 2885 ,

117 2896 197 2964 cuius
208 2897 355 2953 liceitatem
367 2896 453 2953 llaliei
469 2897 550 2964 eique
567 2897 769 2953 consentientes
780 2897 973 2962 sustinuerint,
986 2897 1013 2952 id
1025 2900 1077 2963 est,
1089 2912 1120 2953 se
1131 2898 1210 2955 nolle

117 2978 275 3043 decernere,
289 2994 344 3035 non
356 2979 468 3047 quidem
478 2979 514 3035 ne
524 2981 665 3035 contractu
678 2978 746 3035 inito
758 2979 868 3035 civitate
876 2979 1034 3045 Veronensi,
1044 2979 1092 3036 sed
1105 2981 1141 3038 de
1151 2981 1206 3039 hoc

117 3064 213 3118 utrum
226 3062 253 3116 in
266 3063 363 3118 mutuo
374 3076 438 3118 cum
449 3061 581 3117 divitibus
593 3062 661 3116 inito
672 3074 788 3127 semper,
802 3061 829 3116 vi
841 3063 997 3117 contractus
1012 3076 1062 3118 seu
1074 3063 1110 3118 ob
1123 3078 1208 3120 usum

118 3144 251 3209 pecuniae
261 3158 432 3207 concessum,
446 3143 526 3200 liceat
537 3142 627 3199 loenus
638 3143 789 3209 percipere.
802 3146 841 3200 lta
851 3143 906 3211 jam
917 3145 977 3210 ipse
987 3144 1082 3207 ltaliei,
1096 3146 1125 3200 in
1136 3146 1206 3212 epia

117 3227 172 3283 tola
184 3227 217 3283 ad
230 3227 407 3283 benedictum
419 3227 484 3287 XIV.
498 3226 542 3281 illa
555 3226 638 3282 verba
656 3227 829 3294 interpretari
841 3228 951 3285 videtur
963 3227 1016 3293 (op.
1028 3243 1062 3293 a,
1076 3244 1103 3294 p.
1116 3230 1146 3285 11
1160 3229 1204 3292 s).

117 3309 245 3376 Plerique
255 3323 353 3365 eorum
364 3309 412 3376 qui
424 3312 487 3375 post
498 3308 583 3365 llaliei
600 3309 715 3367 eandem
732 3324 764 3367 aa
782 3311 842 3378 ipse
859 3311 958 3368 thesim
977 3310 1208 3369 lundamentalem

118 3396 371 3459 propugnaverunt,
381 3395 413 3449 ut
421 3392 559 3449 Benedicti
567 3393 622 3449 Xlll
628 3393 830 3451 damnationem
839 3393 993 3459 evaderent,
1000 3394 1115 3450 eandem
1121 3395 1208 3460 expli-

119 3475 254 3531 nationem
272 3479 478 3541 proposuerunt
491 3494 498 3530 :
511 3475 557 3539 ita,
571 3476 732 3541 praesertim
749 3475 833 3532 daun
845 3490 881 3531 on
898 3490 933 3531 na
948 3476 1072 3532 11111111
1088 3477 1205 3539 (Disser-

119 3561 216 3613 tations
226 3571 278 3612 snr
290 3560 314 3613 te
327 3559 651 3615 marcomannica.
664 3560 707 3623 lll,
722 3574 748 3626 p.
762 3558 891 3624 6111116),
904 3559 952 3626 qui
964 3561 1027 3626 posi
1038 3560 1107 3614 bone
1118 3558 1204 3625 expli-

118 3641 252 3697 cationem
276 3640 353 3697 lateri
375 3641 484 3707 cogitur
507 3642 543 3706 (p.
567 3640 634 3703 615),
654 3654 684 3711 se
700 3655 757 3696 non
779 3642 850 3697 bene
872 3641 1026 3707 intelligere
1052 3644 1203 3695 doctrinam

118 3725 288 3777 essentialem
299 3724 327 3779 S.
340 3724 479 3788 Pontinas
498 3722 533 3779 de
552 3725 650 3780 mutuo
668 3723 742 3789 quod
761 3737 811 3790 per
822 3737 852 3779 se
864 3724 1015 3790 gratuitum
1032 3723 1107 3785 dicit,
1120 3723 1203 3778 etiam

119 3804 227 3871 quando
239 3818 303 3860 cum
314 3804 531 3869 negotiatoribus
541 3804 722 3861 contrabitur.
733 3804 802 3859 Huic
813 3804 918 3859 auctori
929 3804 1066 3859 consentit
1079 3804 1202 3859 llasrao-

119 3898 179 3951 rnrr,
193 3886 522 3949 Dismassionsart’asore,
533 3900 559 3951 p.
571 3886 665 3942 31111.
675 3884 792 3942 113691.
803 3886 916 3950 Revera,
929 3889 961 3942 ut
973 3884 1043 3941 inira
1054 3885 1208 3951 notabitur,

120 3970 242 4035 tempore
266 3982 322 4035 quo
346 3968 582 4036 congregationes
601 3970 738 4026 Romanae
764 3969 875 4027 decreta
896 3970 1020 4026 tulerunt
1042 3970 1123 4025 «Non
1144 3982 1210 4026 esse

122 4050 336 4117 inquietandos»
358 4050 451 4116 (1830),
475 4050 570 4107 eadem
592 4052 781 4118 interpretatio
801 4055 843 4109 sat
858 4052 1015 4118 frequenter
1037 4053 1205 4118 proponeba-

122 4132 174 4197 tur,
199 4134 255 4189 imo
272 4147 306 4189 ex
325 4133 392 4199 ipsis
411 4133 454 4189 bis
479 4132 598 4189 decretis
623 4133 702 4190 multi
728 4134 843 4190 eandem
868 4133 1025 4191 confirmari
1046 4133 1202 4191 censebant.

122 4211 156 4269 ct.
177 4214 299 4268 Litterae
319 4216 477 4268 monetariae
497 4216 610 4279 concepi
629 4216 787 4269 Baiticensr's
807 4228 879 4272 anno
899 4212 964 4271 1838
982 4214 1089 4280 (111111,
1105 4216 1208 4271 &traam
