3242 4959
382 461 442 527 aot
675 471 677 480 '
753 455 1055 526 consummemur.
1073 479 1105 525 tn

378 641 531 719 omnium,
548 658 621 723 ergo
637 649 666 706 et
681 642 779 723 ipsius
794 642 903 733 saltem
920 636 1078 720 indirecte,
1095 651 1210 725 vergat,
1228 651 1258 707 et
1278 650 1312 706 ut
1331 640 1475 723 aequalia

378 741 446 819 'jura
459 749 488 804 et
503 741 678 805 occasiones
692 741 919 823 praescribendi
935 741 994 823 ipsi
1010 742 1089 806 siout
1103 741 1230 807 caeteris
1240 742 1354 807 adsint.
1367 741 1473 806 Adda-

381 847 430 904 tur
444 840 716 920 praescriptionem
737 848 842 904 contra
862 829 945 904 vir'o's
965 842 1124 923 vigilantia
1145 847 1175 905 et
1196 855 1297 905 rerum
1320 840 1475 904 solticitu-

374 931 452 1000 'dine
464 936 619 1017 praeditos
629 954 690 1002 non
704 953 825 1002 currere
835 940 945 1025 solere,
959 955 1087 1020 eamque
1099 939 1164 1005 iere
1173 955 1295 1021 semper
1304 938 1474 1020 aliqualem

381 1034 498 1099 domini
513 1037 559 1100 vel
576 1036 734 1108 creditoris
749 1037 968 1118 negligentiam
983 1055 1174 1124 supponere..

406 1135 459 1203 lb
486 1135 547 1212 bic,
578 1143 740 1217 postquam
765 1124 862 1199 altum
889 1143 986 1200 status
1011 1137 1182 1202 dominium
1208 1136 1397 1219 descriptum
1425 1144 1477 1201 est

379 1243 529 1316 quatenus
548 1240 703 1298 exercetur
722 1234 899 1315 ingratiam
915 1235 1163 1315 praescribentis,
1180 1235 1272 1299 etiam
1288 1235 1477 1315 inspiciatur

379 1341 528 1414 quatenns
553 1341 708 1398 exercetur
732 1344 837 1398 contra
860 1333 1020 1399 dominum
1040 1337 1088 1418 rei
1110 1336 1156 1400 vel
1180 1335 1360 1400 creditorem
1388 1336 1476 1414 :qui

378 1432 490 1515 duplex
505 1432 641 1512 ejusdem
656 1433 814 1512 potestatis
829 1440 971 1513 aspectus
990 1449 1157 1514 numquam
1175 1433 1329 1516 segregari
1351 1444 1472 1514 posset.

373 1531 493 1612 J0mnes
507 1531 672 1594 admittunt
687 1519 893 1611 legislatorem
908 1548 999 1612 posse
1013 1533 1217 1614 negligentiae
1236 1533 1472 1608 nonnullorum,

378 1629 675 1710 quorumvigilantia
688 1629 760 1693 boni
772 1622 887 1710 publici
896 1631 959 1693 sive
968 1628 1060 1694 etiam
1072 1632 1180 1711 privati
1193 1632 1326 1696 maxime
1336 1631 1473 1708 intorsit,

369 1722 524 1796 mulctam
537 1728 616 1807 jnste
628 1728 796 1808 imponere,
814 1729 933 1792 etiamsi
950 1729 1135 1810 negligentia
1151 1746 1212 1794 non
1229 1731 1269 1793 sit
1290 1730 1472 1810 culpabilis,

378 1829 440 1891 imo
456 1827 575 1893 etiamsi
592 1826 800 1902 tantummodo
816 1837 1010 1909 praesumpta
1026 1845 1082 1892 neo
1096 1846 1165 1893 vero
1182 1829 1317 1893 existens
1332 1831 1381 1905 (tl;
1400 1845 1469 1905 seu,

368 1920 459 2007 'quod
481 1925 562 1988 idem
583 1924 712 2000 videtur,
736 1926 941 2007 legislatorem
966 1943 1055 2007 posse
1078 1928 1131 1991 tali
1158 1928 1250 1993 modo
1276 1928 1474 2008 vigilantiam

376 2025 500 2089 illorum
517 2025 647 2089 excitare
658 2025 770 2105 qulbus
782 2025 849 2104 iura
861 2027 899 2090 ad
911 2027 1073 2090 utilitatem
1088 2043 1283 2091 communem
1299 2027 1473 2107 spectantia

377 2125 522 2188 inessent.
545 2123 651 2203 Atqui,
674 2123 700 2185 si
723 2131 831 2186 natura
852 2125 1112 2205 praescriptionis,
1136 2127 1226 2188 etiam
1255 2126 1470 2205 acquisitione,

377 2231 405 2306 et
427 2222 617 2287 conditiones
641 2221 679 2285 ab
701 2222 844 2286 omnibus
864 2224 1038 2303 requisitae,
1057 2223 1113 2287 rite
1135 2224 1375 2304 perpenduntur,
1393 2226 1472 2287 etsi

376 2339 412 2386 en
438 2329 523 2402 parte
550 2320 665 2384 domini
689 2337 742 2410 seu
767 2320 926 2384 creditoris
947 2322 1120 2401 respicitur,
1145 2330 1227 2401 patet
1252 2322 1348 2385 altum
1370 2329 1474 2386 status

366 2413 558 2490 ‘dominium
576 2418 687 2500 dequo
703 2407 913 2483 inbaccansa
932 2421 1042 2500 agitur,
1058 2418 1147 2500 plene
1169 2421 1376 2485 reducendum
1400 2437 1475 2485 esse

375 2518 413 2582 ad
444 2525 622 2598 potestatem
652 2517 746 2582 modo
771 2517 950 2581 admissam
982 2519 1019 2580 Et
1048 2519 1088 2582 ita
1117 2515 1250 2605 potestas
1281 2520 1474 2601 legislatoris

375 2617 646 2698 praescriptionem
673 2617 841 2696 legitimam
867 2615 1017 2679 statuendi
1040 2616 1220 2703 nullatcnus
1239 2616 1417 2682 immediate
1440 2621 1473 2681 et

364 2707 530 2795 'imprimis
545 2724 591 2777 est
605 2724 739 2794 potestas
748 2714 891 2794 specialis
905 2714 1087 2794 disponendi
1103 2715 1141 2778 de
1156 2714 1245 2779 bonis
1257 2716 1397 2796 privatis,
1412 2716 1469 2779 sed

363 2815 477 2898 ‘potius
497 2805 683 2893 'simpliciter
704 2811 849 2877 coincidit
869 2828 938 2876 cum
960 2820 1106 2893 potestate
1125 2813 1262 2893 peneroti
1283 2814 1470 2895 invigilandi

374 2911 542 2975 executioni
563 2911 642 2998 J‘nris
666 2911 815 2974 naturalis
838 2928 845 2974 :
868 2927 945 2990 quae
965 2911 1070 2990 utique
1092 2903 1229 2990 potestas
1244 2913 1408 2993 generalis,
1434 2913 1470 2978 in

373 3010 432 3074 boc
445 3026 519 3073 casu
535 3009 723 3089 particulari,
741 3009 793 3072 ubi
810 3007 981 3088 doloribus
995 3009 1028 3071 in
1048 3009 1126 3072 bona
1148 3010 1327 3090 temporalia
1349 3011 1468 3091 agitur,

359 3110 561 3194 ¹itoencrceri
579 3109 667 3176 debet
682 3120 715 3173 ιιι
730 3109 767 3172 de
782 3106 860 3173 lacto
873 3109 923 3187 J'us
937 3109 1029 3172 unius
1044 3109 1076 3171 in
1096 3108 1224 3173 alterum
1249 3109 1467 3175 transferatur.

357 3209 361 3222 ⁸
374 3207 460 3272 Unde
469 3199 508 3274 fin
523 3207 761 3292 praescriptione
776 3195 864 3270 nulla
877 3206 995 3270 ridetur
1008 3206 1150 3287 specialis
1164 3207 1337 3272 difficultas.
1444 3222 1447 3229 ·

359 3381 363 3421 2
414 3386 482 3451 nt
474 3404 506 3449 ιιι
529 3387 616 3450 titulo
640 3386 742 3465 legali,
760 3387 785 3450 si
806 3375 1116 3461 admittendnsesset,
1129 3402 1261 3465 prorem
1275 3387 1470 3467 specialium

361 3503 454 3589 ιιοιι
474 3484 653 3572 legislatori
663 3494 796 3563 potestas
819 3483 1027 3547 tribueretur:
1052 3482 1186 3562 ideoque
1200 3483 1295 3565 priori
1319 3487 1468 3564 potestati

354 3577 434 3650 *no'n
451 3567 659 3664 componenda
676 3591 721 3645 ost
736 3598 792 3645 neo
807 3569 1025 3661 comparanda3
1043 3581 1096 3645 sed
1105 3579 1179 3645 ideo
1202 3592 1302 3646 tamen
1324 3584 1467 3648 nondum

356 3672 549 3766 ‘rejicienda
567 3682 718 3762 Analogia
733 3697 795 3743 non
810 3681 911 3744 existit
925 3697 994 3744 cum
1010 3680 1252 3783 praescriptione.
1264 3684 1293 3744 et
1307 3697 1325 3744 a
1340 3681 1466 3746 fortiori

356 3908 360 3918 ·
404 3887 438 3952 (ιι
455 3890 493 3943 ιιι
506 3874 594 3953 quoao
609 3891 709 3940 tutores
721 3884 766 3941 rex
777 3882 950 3951 ctvttts‘jnste
961 3883 1094 3950 quaenam
1105 3884 1210 3940 suono.
1222 3884 1276 3941 nec
1288 3883 1357 3940 tates
1375 3884 1466 3951 tenes,

352 3969 364 4005 -''
373 3964 499 4028 lundatae
510 3972 537 4027 in
546 3959 635 4037 aliqua
648 3969 880 4037 praesumptione,
886 3965 1295 4035 'aequiparandoesuntlegibos
1306 3969 1465 4044 auctarium

353 4053 604 4120 ..permittentibus
617 4050 805 4118 quaeetiam
799 4064 828 4104 ιιι
845 4049 936 4114 aliqua
947 4049 1189 4119 praesumptione
1194 4047 1304 4106 lundari
1320 4053 1463 4116 possunt.

353 4136 448 4208 3prior
465 4137 540 4192 enim
559 4135 603 4189 illa
622 4135 665 4190 est
685 4132 872 4199 praesumptio
891 4131 1006 4198 periculi
1024 4133 1181 4197 contenente,
1203 4129 1270 4187 haee
1289 4144 1355 4187 vero
1375 4126 1466 4238 altero

371 4220 476 4274 tantum
490 4216 677 4283 praesumptio
691 4215 768 4280 facti.
