3242 4959
437 481 502 527 aar.
519 479 541 524 r.
559 479 680 527 ossuum
695 481 770 536 quac
784 482 964 528 carnunrun.
1183 465 1245 530 237

154 664 218 713 non
233 653 279 712 cst
297 648 693 734 consumptiosubstantiae
707 649 857 729 ipsarum,
874 648 952 711 sicut
965 662 1041 711 usus
1061 646 1171 712 domus
1195 655 1243 713 est

154 747 353 824 inhabitatio;
367 763 428 811 non
440 755 595 812 cstautem
607 747 645 812 de
656 749 772 811 ratione
785 746 1027 822 inhabitationis,
1036 746 1117 826 quod
1129 746 1240 812 domus

154 845 292 909 diruatur
299 862 310 922 ;·
325 845 351 907 si
367 853 468 908 autem
484 847 640 927 contingat
654 845 736 926 quod
750 845 861 910 domus
874 844 1073 910 inhabitando
1088 846 1121 908 in
1136 846 1240 926 aliquo

153 944 331 1008 melioretur
350 943 396 1006 vel
420 942 627 1020 deterioretur,
651 946 709 1009 hoc
729 952 775 1008 est
796 959 849 1024 per
870 943 1026 1021 accidens3
1051 951 1081 1008 et
1100 943 1180 1008 idem
1194 953 1242 1008 est

153 1041 317 1106 dicendum
333 1039 370 1104 de
385 1057 463 1121 equo
478 1049 508 1105 et
522 1050 613 1118 veste,
628 1053 658 1106 et
672 1043 743 1106 aliis
757 1041 943 1120 hujusmodi.
958 1041 1036 1117 Quia
1050 1058 1122 1123 ergo
1134 1043 1241 1121 buius·
1301 1097 1304 1121 ,

153 1141 238 1205 modi
260 1157 308 1204 res
329 1156 391 1205 non
413 1150 635 1205 consumuntur
657 1157 710 1223 per
736 1158 826 1205 usum
847 1157 901 1222 per
926 1157 959 1205 se
980 1141 1143 1221 loquendo,
1171 1141 1241 1206 ideo

153 1241 284 1305 seorsim
298 1248 396 1321 potest
410 1239 533 1304 concedi
550 1248 601 1303 aut
616 1240 706 1304 vendi
722 1247 775 1303 aut
789 1255 838 1302 res
849 1241 917 1320 ipsa
927 1251 979 1303 aut
990 1255 1076 1316 usus,
1089 1242 1136 1304 vel
1148 1241 1239 1304 simul

153 1349 334 1419 utrumque;
357 1345 457 1418 potest
476 1338 559 1400 enim
574 1338 688 1418 aliquis
703 1337 831 1402 vendere
852 1332 1165 1413 domum,‘retiuendo
1179 1339 1240 1404 sibi

153 1453 245 1502 usum
270 1435 380 1500 domus
405 1435 442 1500 ad
469 1443 606 1516 tempus;
634 1445 664 1500 ct
687 1436 830 1499 similiter
849 1444 949 1516 potest
970 1437 1084 1516 aliquis
1107 1437 1237 1502 vendere

153 1551 245 1601 usum
260 1536 370 1599 domus
383 1535 541 1600 retinendo
557 1536 616 1600 sibi
633 1536 847 1617 proprietatem
863 1544 893 1598 et
903 1535 1074 1600 dominium
1086 1536 1235 1601 domus,

154 1636 237 1711 Quae
253 1635 413 1698 locationis
424 1634 513 1710 ratio,
531 1649 600 1697 cum
618 1634 721 1714 magui
737 1633 777 1696 sit
791 1635 949 1709 momenti,
966 1643 1104 1699 accurate
1123 1635 1238 1699 intelli·

153 1742 253 1816 gatur.
278 1734 432 1815 imprimis
457 1742 492 1797 ut
516 1750 591 1797 usus
617 1734 660 1797 rei
683 1733 813 1812 alicujus
834 1734 963 1797 seorsim
984 1751 1002 1798 a
1023 1750 1055 1798 re
1077 1734 1143 1815 ipsa
1168 1752 1239 1800 ven»

154 1833 259 1898 dibilis
280 1834 330 1909 sit,
354 1833 529 1896 nullatenus
549 1831 715 1912 requiritur
735 1842 769 1896 ut
789 1849 848 1895 usu
869 1832 1044 1911 hujusmodi
1065 1849 1114 1898 res
1134 1835 1239 1915 aliquo

73 2003 75 2009 A
154 1933 246 1996 modo
268 1931 464 1996 deterioretur
481 1948 488 1994 :
508 1946 597 1994 osum
619 1931 696 2011 agri,
714 1932 855 2010 quamvis
870 1931 976 1997 eadem
995 1949 1115 2014 semper
1129 1949 1242 2014 suppo

154 2041 245 2095 natur
256 2030 411 2094 fertilitate
422 2029 588 2110 praeditus,
604 2030 672 2109 quis
683 2030 809 2109 negabit
821 2031 917 2110 pretio
925 2047 991 2094 esse
998 2033 1241 2097 aestimabilem?

153 2128 271 2192 Deinde
285 2137 318 2192 ut
331 2144 406 2192 usus
421 2127 464 2190 rei
481 2135 549 2191 tuae
564 2128 604 2189 sit
619 2126 653 2189 in
667 2144 699 2190 sc
710 2127 921 2203 aestimabilis,
936 2137 1125 2209 nonoportet
1138 2139 1172 2193 ut
1184 2130 1241 2194 ttlt

153 2246 229 2292 usus
244 2228 296 2291 ille
311 2229 350 2292 sit
365 2227 565 2290 aestimabilis
580 2243 587 2290 :
604 2227 657 2307 qui
674 2226 814 2308 possides
825 2227 960 2307 quinque
971 2227 1091 2302 domus,
1109 2244 1240 2307 quarum

153 2345 215 2392 una
230 2333 348 2390 tantum
363 2327 406 2390 uti
422 2333 519 2407 potes,
536 2333 723 2390 caeterarum
739 2343 829 2390 usum
845 2327 926 2404 juste
944 2325 1060 2401 vendis,
1077 2328 1150 2406 quia
1164 2345 1241 2391 una-

154 2442 292 2506 quaeque
304 2424 736 2505 domusexseipsautilitatem
746 2425 837 2488 habet
848 2426 945 2505 pretio
956 2425 1177 2490 aestimabilem
1190 2428 1237 2504 (r).

154 2525 269 2600 Quodsi
291 2523 419 2606 proinde
439 2522 499 2587 duo
522 2523 689 2604 illoneque
710 2523 907 2603 requiruntur
921 2539 1020 2604 neque
1033 2525 1186 2588 sulliciunt
1200 2523 1239 2588 ad

154 2625 198 2688 rei
218 2625 410 2699 locationem,
434 2624 535 2704 potius
556 2640 631 2687 usus
652 2624 694 2687 rei
711 2624 838 2687 seorsim
854 2624 975 2704 abipsa
996 2623 1160 2688 vendibilis
1181 2634 1238 2702 est,

155 2723 321 2789 dummodo
334 2724 370 2785 in
384 2741 417 2786 cc
431 2723 470 2787 sit
484 2722 601 2802 aliquid
617 2722 794 2787 hominibus
809 2722 1020 2802 appretiabile.

197 2823 370 2902 iterumque
390 2822 441 2885 hic
461 2820 763 2885 animadvertendum
791 2831 853 2895 est,
884 2820 1046 2900 quodiam
1069 2822 1241 2886 notavimus

155 2921 192 2985 de
213 2921 305 2985 rebus
325 2921 425 3001 primo
446 2937 504 2984 usu
526 2919 826 2999 consumptibilibus.
850 2919 1113 2993 Quemadmodum
1132 2922 1241 2984 barum

153 3036 241 3096 usus,
257 3019 284 3082 si
300 3019 451 3094 venditur,
468 3019 570 3082 valore
585 3018 756 3097 aequivalet
771 3017 831 3098 ipsi
847 3018 1046 3095 substantiae,
1063 3020 1184 3083 etiamsi
1195 3021 1240 3083 rei

153 3135 230 3183 usus
250 3117 289 3181 ad
311 3118 429 3182 lucrum
451 3117 641 3191 adhibeatur,
665 3116 770 3180 eodem
793 3132 918 3196 prorsus
938 3116 1029 3180 modo
1052 3117 1077 3180 si
1099 3134 1173 3181 usus
1197 3118 1242 3181 rei

153 3216 362 3296 permanentis
386 3213 536 3285 venditur.
564 3214 671 3278 eodem
697 3214 838 3278 venditur
865 3216 962 3296 pretio
988 3215 1051 3279 sive
1073 3215 1144 3279 talis
1165 3205 1241 3280 usus

153 3405 294 3473 aliquibus
312 3404 404 3470 rebus,
423 3418 474 3470 pro
492 3417 609 3471 quarum
627 3404 805 3460 concessione
822 3403 926 3470 aliquid
944 3404 1031 3471 accipi
1049 3407 1141 3471 potest
1158 3405 1241 3472 licite,

150 3488 224 3545 nibil
243 3501 277 3544 ex
294 3501 347 3545 usu
365 3487 480 3554 deperit,
500 3487 572 3544 siout
590 3487 620 3542 in
637 3487 815 3544 concessione
832 3486 932 3542 domus
949 3487 984 3543 ad
1002 3502 1083 3544 usum
1103 3488 1136 3544 ad
1155 3502 1242 3544 unum

154 3571 242 3636 diem;
261 3572 289 3627 el
301 3573 440 3637 praeterea
452 3569 571 3636 pretium
584 3568 659 3635 quod
671 3569 814 3636 accipitur,
827 3583 883 3624 non
894 3575 1132 3626 commensuratur
1142 3569 1243 3626 damno
1343 3571 1344 3574 ’

54 3673 55 3678 ’
154 3652 229 3721 quod
242 3651 341 3708 accidit
352 3665 386 3708 ex
397 3666 449 3707 usu
464 3651 518 3716 rei;
538 3651 685 3707 nonenim
705 3653 812 3708 tantum
827 3650 935 3719 deperit
954 3652 981 3707 in
1000 3655 1097 3708 mutuo
1109 3655 1242 3719 quantum

155 3735 245 3792 datur.
254 3749 270 3781 ιι
281 3736 312 3790 ln
323 3747 419 3800 opusc.
432 3735 474 3786 De
485 3735 569 3799 Moto,
583 3749 609 3800 q.
623 3735 688 3798 lllll,
701 3749 726 3789 a.
736 3734 762 3798 l,
776 3733 809 3790 ad
821 3733 847 3799 l,
860 3733 1001 3791 decadem
1012 3735 1143 3800 opinione
1154 3734 1220 3792 dicit
1234 3754 1241 3790 ε

155 3819 229 3873 «isla
242 3815 312 3872 ratio
323 3817 401 3869 nollo
412 3815 536 3882 estquis
555 3815 707 3872 secundum
725 3814 778 3871 boo
795 3814 896 3883 aliquis
913 3829 970 3871 non
987 3815 1162 3882 possetjuste
1173 3816 1242 3872 acci·
1322 3871 1324 3874 ,

155 3915 220 3967 pere
232 3897 321 3966 maius
332 3899 451 3965 pretium
470 3911 519 3963 pro
537 3898 620 3955 domo
637 3912 686 3954 sua
705 3898 800 3958 locata.
814 3912 896 3965 quam
908 3897 1008 3954 domus
1019 3897 1243 3955 indedeteriore·

155 3987 211 4040 tur.
223 3983 271 4038 Est
280 3995 347 4048 ergo
359 3979 505 4037 dicendum
517 3980 591 4047 quod
603 3980 731 4037 venditur
742 3983 798 4046 ipsc
808 3995 872 4034 usus
883 3980 982 4037 domus
993 3980 1076 4038 licite.
1086 3996 1103 4027 »
1225 4011 1228 4023 ·

188 4065 223 4127 (l)
241 4063 305 4120 Ideo
323 4077 406 4131 supra
424 4063 461 4129 (p.
479 4061 537 4127 130,
557 4076 584 4117 n.
598 4064 627 4128 l:
647 4063 705 4126 lta,
719 4076 746 4117 n.
764 4061 789 4125 3)
806 4060 928 4119 diximus
945 4064 973 4117 P.
987 4062 1076 4119 Weiss
1094 4062 1159 4128 falli,
1179 4077 1244 4120 cum

156 4146 278 4202 valorem
300 4160 369 4202 usus
391 4159 447 4202 non
470 4148 598 4210 agnoscat
618 4147 726 4212 praeter
743 4144 891 4200 utilitatem
913 4159 995 4212 quam
1014 4158 1058 4202 res
1076 4145 1173 4202 babeat
1191 4144 1245 4212 ipsi

157 4241 320 4294 possessori.
