<?xml version="1.0" encoding="UTF-8"?>
<!DOCTYPE html PUBLIC "-//W3C//DTD XHTML 1.0 Transitional//EN"
    "http://www.w3.org/TR/xhtml1/DTD/xhtml1-transitional.dtd">
<html xmlns="http://www.w3.org/1999/xhtml" xml:lang="en" lang="en">
 <head>
  <title>
</title>
<meta http-equiv="Content-Type" content="text/html;charset=utf-8" />
  <meta name='ocr-system' content='tesseract 3.04.00' />
  <meta name='ocr-capabilities' content='ocr_page ocr_carea ocr_par ocr_line ocrx_word'/>
</head>
<body>
  <div class='ocr_page' id='page_1' title='image "./dejustoauctario00roeygoog_0219.png"; bbox 0 0 3242 4959; ppageno 0'>
   <div class='ocr_carea' id='block_1_1' title="bbox 336 447 1201 516">
    <p class='ocr_par' dir='ltr' id='par_1_1' title="bbox 336 447 1201 516">
     <span class='ocr_line' id='line_1_1' title="bbox 336 447 1201 516; baseline -0.001 -1"><span class='ocrx_word' id='word_1_1' title='bbox 336 469 400 515; x_wconf 82' lang='lat' dir='ltr'>cnr.</span> <span class='ocrx_word' id='word_1_2' title='bbox 418 470 451 514; x_wconf 92' lang='lat' dir='ltr'>u.</span> <span class='ocrx_word' id='word_1_3' title='bbox 468 469 616 516; x_wconf 83' lang='lat' dir='ltr'>rmucruu</span> <span class='ocrx_word' id='word_1_4' title='bbox 629 467 778 516; x_wconf 82' lang='lat' dir='ltr'>sermrnr</span> <span class='ocrx_word' id='word_1_5' title='bbox 793 466 994 514; x_wconf 81' lang='lat' dir='ltr'>seounsrrcur.</span> <span class='ocrx_word' id='word_1_6' title='bbox 1143 447 1201 514; x_wconf 83' lang='grc'>191</span> 
     </span>
    </p>
   </div>
   <div class='ocr_carea' id='block_1_2' title="bbox 105 632 1201 1901">
    <p class='ocr_par' dir='ltr' id='par_1_2' title="bbox 105 632 1201 1309">
     <span class='ocr_line' id='line_1_2' title="bbox 151 632 1199 716; baseline -0.008 -14"><span class='ocrx_word' id='word_1_7' title='bbox 151 636 229 702; x_wconf 74' lang='lat' dir='ltr'>ditm</span> <span class='ocrx_word' id='word_1_8' title='bbox 241 644 345 698; x_wconf 76' lang='lat' dir='ltr'>annm</span> <span class='ocrx_word' id='word_1_9' title='bbox 358 634 397 700; x_wconf 92' lang='lat' dir='ltr'>de</span> <span class='ocrx_word' id='word_1_10' title='bbox 411 639 505 700; x_wconf 86' lang='lat' dir='ltr'>censu</span> <span class='ocrx_word' id='word_1_11' title='bbox 515 635 675 716; x_wconf 80' lang='lat' dir='ltr'>personali</span> <span class='ocrx_word' id='word_1_12' title='bbox 688 635 821 699; x_wconf 92' lang='lat' dir='ltr'>multum</span> <span class='ocrx_word' id='word_1_13' title='bbox 841 643 913 698; x_wconf 88' lang='lat' dir='ltr'>tune</span> <span class='ocrx_word' id='word_1_14' title='bbox 936 633 1125 714; x_wconf 88' lang='lat' dir='ltr'>disputatum</span> <span class='ocrx_word' id='word_1_15' title='bbox 1148 632 1199 707; x_wconf 92' lang='lat' dir='ltr'>sit,</span> 
     </span>
     <span class='ocr_line' id='line_1_3' title="bbox 106 731 1200 814; baseline -0.002 -18"><span class='ocrx_word' id='word_1_16' title='bbox 106 750 171 797; x_wconf 91' lang='lat' dir='ltr'>uon</span> <span class='ocrx_word' id='word_1_17' title='bbox 184 734 227 797; x_wconf 90' lang='lat' dir='ltr'>ita</span> <span class='ocrx_word' id='word_1_18' title='bbox 236 733 361 812; x_wconf 76' lang='lat' dir='ltr'>quidem</span> <span class='ocrx_word' id='word_1_19' title='bbox 373 735 462 814; x_wconf 80' lang='lat' dir='ltr'>orrasi</span> <span class='ocrx_word' id='word_1_20' title='bbox 473 733 561 798; x_wconf 88' lang='lat' dir='ltr'>labor</span> <span class='ocrx_word' id='word_1_21' title='bbox 571 734 725 798; x_wconf 90' lang='lat' dir='ltr'>humanus</span> <span class='ocrx_word' id='word_1_22' title='bbox 737 741 898 813; x_wconf 73' lang='lat' dir='ltr'><strong>negaretur</strong></span> <span class='ocrx_word' id='word_1_23' title='bbox 910 732 979 796; x_wconf 92' lang='lat' dir='ltr'>fons</span> <span class='ocrx_word' id='word_1_24' title='bbox 989 731 1200 811; x_wconf 76' lang='lat' dir='ltr'>productionis</span> 
     </span>
     <span class='ocr_line' id='line_1_4' title="bbox 109 830 1199 913; baseline -0.004 -17"><span class='ocrx_word' id='word_1_25' title='bbox 109 833 304 912; x_wconf 86' lang='lat' dir='ltr'>praecipuus,</span> <span class='ocrx_word' id='word_1_26' title='bbox 317 832 371 896; x_wconf 90' lang='lat' dir='ltr'>sed</span> <span class='ocrx_word' id='word_1_27' title='bbox 382 833 423 897; x_wconf 93' lang='lat' dir='ltr'>ob</span> <span class='ocrx_word' id='word_1_28' title='bbox 436 833 514 896; x_wconf 87' lang='lat' dir='ltr'>alias</span> <span class='ocrx_word' id='word_1_29' title='bbox 529 833 631 913; x_wconf 89' lang='lat' dir='ltr'>potius</span> <span class='ocrx_word' id='word_1_30' title='bbox 645 833 779 896; x_wconf 78' lang='lat' dir='ltr'>rabones</span> <span class='ocrx_word' id='word_1_31' title='bbox 794 830 999 896; x_wconf 87' lang='lat' dir='ltr'>accidentales</span> <span class='ocrx_word' id='word_1_32' title='bbox 1007 832 1054 907; x_wconf 84' lang='lat' dir='ltr'>(tl,</span> <span class='ocrx_word' id='word_1_33' title='bbox 1069 846 1199 909; x_wconf 86' lang='lat' dir='ltr'>cumque</span> 
     </span>
     <span class='ocr_line' id='line_1_5' title="bbox 106 930 1199 1012; baseline -0.004 -16"><span class='ocrx_word' id='word_1_34' title='bbox 106 933 148 997; x_wconf 90' lang='lat' dir='ltr'>de</span> <span class='ocrx_word' id='word_1_35' title='bbox 162 934 221 996; x_wconf 90' lang='lat' dir='ltr'>bac</span> <span class='ocrx_word' id='word_1_36' title='bbox 234 933 371 997; x_wconf 89' lang='lat' dir='ltr'>hominis</span> <span class='ocrx_word' id='word_1_37' title='bbox 385 932 536 996; x_wconf 86' lang='lat' dir='ltr'>industria</span> <span class='ocrx_word' id='word_1_38' title='bbox 550 942 656 1012; x_wconf 88' lang='lat' dir='ltr'>postea</span> <span class='ocrx_word' id='word_1_39' title='bbox 670 944 778 1012; x_wconf 80' lang='lat' dir='ltr'>agatur</span> <span class='ocrx_word' id='word_1_40' title='bbox 788 949 825 995; x_wconf 91' lang='lat' dir='ltr'>ex</span> <span class='ocrx_word' id='word_1_41' title='bbox 837 931 987 1012; x_wconf 89' lang='lat' dir='ltr'>professo,</span> <span class='ocrx_word' id='word_1_42' title='bbox 1001 930 1069 994; x_wconf 89' lang='lat' dir='ltr'>heic</span> <span class='ocrx_word' id='word_1_43' title='bbox 1080 938 1199 993; x_wconf 86' lang='lat' dir='ltr'>tantum</span> 
     </span>
     <span class='ocr_line' id='line_1_6' title="bbox 105 1027 1201 1108; baseline -0.005 -12"><span class='ocrx_word' id='word_1_44' title='bbox 105 1047 221 1096; x_wconf 85' lang='lat' dir='ltr'>census</span> <span class='ocrx_word' id='word_1_45' title='bbox 236 1031 339 1103; x_wconf 86' lang='lat' dir='ltr'>realis,</span> <span class='ocrx_word' id='word_1_46' title='bbox 357 1029 388 1093; x_wconf 94' lang='lat' dir='ltr'>id</span> <span class='ocrx_word' id='word_1_47' title='bbox 403 1039 450 1093; x_wconf 96' lang='grc' dir='ltr'>εει</span> <span class='ocrx_word' id='word_1_48' title='bbox 464 1029 499 1091; x_wconf 85' lang='lat' dir='ltr'>ln</span> <span class='ocrx_word' id='word_1_49' title='bbox 514 1046 548 1092; x_wconf 88' lang='lat' dir='ltr'>re</span> <span class='ocrx_word' id='word_1_50' title='bbox 562 1045 617 1092; x_wconf 90' lang='lat' dir='ltr'>nec</span> <span class='ocrx_word' id='word_1_51' title='bbox 631 1028 745 1093; x_wconf 87' lang='lat' dir='ltr'>directe</span> <span class='ocrx_word' id='word_1_52' title='bbox 759 1030 793 1092; x_wconf 90' lang='lat' dir='ltr'>in</span> <span class='ocrx_word' id='word_1_53' title='bbox 813 1044 942 1108; x_wconf 86' lang='lat' dir='ltr'>persona</span> <span class='ocrx_word' id='word_1_54' title='bbox 963 1027 1110 1092; x_wconf 89' lang='lat' dir='ltr'>fundatus</span> <span class='ocrx_word' id='word_1_55' title='bbox 1131 1043 1201 1090; x_wconf 88' lang='lat' dir='ltr'>ren·</span> 
     </span>
     <span class='ocr_line' id='line_1_7' title="bbox 107 1126 1200 1207; baseline -0.003 -14"><span class='ocrx_word' id='word_1_56' title='bbox 107 1129 231 1197; x_wconf 86' lang='lat' dir='ltr'>ditoris.</span> <span class='ocrx_word' id='word_1_57' title='bbox 254 1128 455 1192; x_wconf 91' lang='lat' dir='ltr'>attendendus</span> <span class='ocrx_word' id='word_1_58' title='bbox 480 1135 537 1194; x_wconf 89' lang='lat' dir='ltr'>est.</span> <span class='ocrx_word' id='word_1_59' title='bbox 565 1130 641 1193; x_wconf 91' lang='lat' dir='ltr'>ltem</span> <span class='ocrx_word' id='word_1_60' title='bbox 669 1145 687 1192; x_wconf 90' lang='lat' dir='ltr'>a</span> <span class='ocrx_word' id='word_1_61' title='bbox 717 1128 866 1192; x_wconf 89' lang='lat' dir='ltr'>locatione</span> <span class='ocrx_word' id='word_1_62' title='bbox 895 1144 1005 1206; x_wconf 82' lang='lat' dir='ltr'>operae</span> <span class='ocrx_word' id='word_1_63' title='bbox 1030 1126 1200 1207; x_wconf 87' lang='lat' dir='ltr'>personalis</span> 
     </span>
     <span class='ocr_line' id='line_1_8' title="bbox 107 1228 364 1309; baseline -0.008 -17"><span class='ocrx_word' id='word_1_64' title='bbox 107 1228 364 1309; x_wconf 91' lang='lat' dir='ltr'>praescindlmus.</span> 
     </span>
    </p>

    <p class='ocr_par' dir='ltr' id='par_1_3' title="bbox 105 1325 1201 1901">
     <span class='ocr_line' id='line_1_9' title="bbox 151 1325 1195 1406; baseline -0.002 -16"><span class='ocrx_word' id='word_1_65' title='bbox 151 1328 184 1390; x_wconf 83' lang='grc' dir='ltr'>1ο</span> <span class='ocrx_word' id='word_1_66' title='bbox 199 1329 305 1399; x_wconf 88' lang='lat' dir='ltr'>Porro,</span> <span class='ocrx_word' id='word_1_67' title='bbox 322 1327 422 1406; x_wconf 91' lang='lat' dir='ltr'>prima</span> <span class='ocrx_word' id='word_1_68' title='bbox 438 1342 486 1390; x_wconf 88' lang='lat' dir='ltr'>res</span> <span class='ocrx_word' id='word_1_69' title='bbox 500 1325 668 1399; x_wconf 88' lang='lat' dir='ltr'>fructifera,</span> <span class='ocrx_word' id='word_1_70' title='bbox 686 1326 824 1389; x_wconf 90' lang='lat' dir='ltr'>omnium</span> <span class='ocrx_word' id='word_1_71' title='bbox 839 1341 1005 1399; x_wconf 90' lang='lat' dir='ltr'>consensu,</span> <span class='ocrx_word' id='word_1_72' title='bbox 1022 1335 1086 1388; x_wconf 89' lang='lat' dir='ltr'>erat</span> <span class='ocrx_word' id='word_1_73' title='bbox 1101 1331 1195 1400; x_wconf 87' lang='lat' dir='ltr'>terro,</span> 
     </span>
     <span class='ocr_line' id='line_1_10' title="bbox 105 1423 1199 1505; baseline -0.003 -16"><span class='ocrx_word' id='word_1_74' title='bbox 105 1435 139 1489; x_wconf 88' lang='lat' dir='ltr'>et</span> <span class='ocrx_word' id='word_1_75' title='bbox 153 1425 279 1505; x_wconf 83' lang='lat' dir='ltr'>orridem</span> <span class='ocrx_word' id='word_1_76' title='bbox 294 1432 372 1488; x_wconf 90' lang='lat' dir='ltr'>terra</span> <span class='ocrx_word' id='word_1_77' title='bbox 388 1424 583 1503; x_wconf 81' lang='lat' dir='ltr'>inquantum</span> <span class='ocrx_word' id='word_1_78' title='bbox 598 1423 714 1488; x_wconf 88' lang='lat' dir='ltr'>fructus</span> <span class='ocrx_word' id='word_1_79' title='bbox 735 1425 887 1504; x_wconf 81' lang='lat' dir='ltr'>germinat</span> <span class='ocrx_word' id='word_1_80' title='bbox 908 1423 1073 1498; x_wconf 80' lang='lat' dir='ltr'>naturales,</span> <span class='ocrx_word' id='word_1_81' title='bbox 1091 1440 1144 1486; x_wconf 91' lang='lat' dir='ltr'>seu</span> <span class='ocrx_word' id='word_1_82' title='bbox 1165 1424 1199 1486; x_wconf 93' lang='lat' dir='ltr'>in</span> 
     </span>
     <span class='ocr_line' id='line_1_11' title="bbox 106 1522 1198 1605; baseline -0.002 -17"><span class='ocrx_word' id='word_1_83' title='bbox 106 1532 258 1605; x_wconf 84' lang='lat' dir='ltr'>ouantem</span> <span class='ocrx_word' id='word_1_84' title='bbox 274 1525 410 1588; x_wconf 89' lang='lat' dir='ltr'>culturae</span> <span class='ocrx_word' id='word_1_85' title='bbox 424 1524 541 1598; x_wconf 89' lang='lat' dir='ltr'>subest,</span> <span class='ocrx_word' id='word_1_86' title='bbox 557 1524 621 1586; x_wconf 90' lang='lat' dir='ltr'>sive</span> <span class='ocrx_word' id='word_1_87' title='bbox 635 1522 829 1586; x_wconf 76' lang='lat' dir='ltr'>foecundetur</span> <span class='ocrx_word' id='word_1_88' title='bbox 846 1523 980 1586; x_wconf 89' lang='lat' dir='ltr'>humano</span> <span class='ocrx_word' id='word_1_89' title='bbox 1003 1523 1116 1592; x_wconf 85' lang='lat' dir='ltr'>labore,</span> <span class='ocrx_word' id='word_1_90' title='bbox 1134 1522 1198 1586; x_wconf 91' lang='lat' dir='ltr'>sive</span> 
     </span>
     <span class='ocr_line' id='line_1_12' title="bbox 107 1623 1198 1706; baseline -0.005 -17"><span class='ocrx_word' id='word_1_91' title='bbox 107 1634 279 1706; x_wconf 87' lang='lat' dir='ltr'>spontanea</span> <span class='ocrx_word' id='word_1_92' title='bbox 293 1623 439 1704; x_wconf 89' lang='lat' dir='ltr'>producat</span> <span class='ocrx_word' id='word_1_93' title='bbox 455 1625 574 1688; x_wconf 89' lang='lat' dir='ltr'>virtute.</span> <span class='ocrx_word' id='word_1_94' title='bbox 587 1625 687 1703; x_wconf 76' lang='lat' dir='ltr'>egros</span> <span class='ocrx_word' id='word_1_95' title='bbox 697 1633 729 1688; x_wconf 88' lang='lat' dir='ltr'>ot</span> <span class='ocrx_word' id='word_1_96' title='bbox 739 1623 863 1703; x_wconf 88' lang='lat' dir='ltr'>praedia</span> <span class='ocrx_word' id='word_1_97' title='bbox 878 1640 933 1704; x_wconf 90' lang='lat' dir='ltr'>per</span> <span class='ocrx_word' id='word_1_98' title='bbox 943 1623 1076 1688; x_wconf 87' lang='lat' dir='ltr'>Medium</span> <span class='ocrx_word' id='word_1_99' title='bbox 1091 1638 1198 1686; x_wconf 87' lang='lat' dir='ltr'>aevum</span> 
     </span>
     <span class='ocr_line' id='line_1_13' title="bbox 107 1720 1201 1805; baseline -0.004 -19"><span class='ocrx_word' id='word_1_100' title='bbox 107 1733 142 1787; x_wconf 91' lang='lat' dir='ltr'>ut</span> <span class='ocrx_word' id='word_1_101' title='bbox 170 1724 336 1805; x_wconf 88' lang='lat' dir='ltr'>primarios</span> <span class='ocrx_word' id='word_1_102' title='bbox 356 1721 565 1787; x_wconf 74' lang='lat' dir='ltr'>foecunditatis</span> <span class='ocrx_word' id='word_1_103' title='bbox 584 1720 685 1786; x_wconf 89' lang='lat' dir='ltr'>fontes</span> <span class='ocrx_word' id='word_1_104' title='bbox 705 1721 810 1784; x_wconf 87' lang='lat' dir='ltr'>habita</span> <span class='ocrx_word' id='word_1_105' title='bbox 832 1738 911 1796; x_wconf 83' lang='lat' dir='ltr'>esse,</span> <span class='ocrx_word' id='word_1_106' title='bbox 936 1738 997 1785; x_wconf 93' lang='lat' dir='ltr'>non</span> <span class='ocrx_word' id='word_1_107' title='bbox 1019 1737 1080 1784; x_wconf 82' lang='lat' dir='ltr'>tine</span> <span class='ocrx_word' id='word_1_108' title='bbox 1102 1720 1201 1784; x_wconf 93' lang='lat' dir='ltr'>mani-</span> 
     </span>
     <span class='ocr_line' id='line_1_14' title="bbox 108 1821 1199 1901; baseline -0.002 -15"><span class='ocrx_word' id='word_1_109' title='bbox 108 1823 239 1887; x_wconf 85' lang='lat' dir='ltr'>festatur</span> <span class='ocrx_word' id='word_1_110' title='bbox 253 1822 355 1886; x_wconf 91' lang='lat' dir='ltr'>modo.</span> <span class='ocrx_word' id='word_1_111' title='bbox 373 1825 495 1886; x_wconf 85' lang='lat' dir='ltr'>Praeter</span> <span class='ocrx_word' id='word_1_112' title='bbox 510 1821 593 1884; x_wconf 88' lang='lat' dir='ltr'>enim</span> <span class='ocrx_word' id='word_1_113' title='bbox 608 1838 718 1885; x_wconf 90' lang='lat' dir='ltr'>census</span> <span class='ocrx_word' id='word_1_114' title='bbox 732 1821 931 1901; x_wconf 84' lang='lat' dir='ltr'>emptionem,</span> <span class='ocrx_word' id='word_1_115' title='bbox 944 1837 1022 1901; x_wconf 87' lang='lat' dir='ltr'>quae</span> <span class='ocrx_word' id='word_1_116' title='bbox 1034 1821 1129 1884; x_wconf 91' lang='lat' dir='ltr'>multa</span> <span class='ocrx_word' id='word_1_117' title='bbox 1145 1836 1199 1901; x_wconf 87' lang='lat' dir='ltr'>per</span> 
     </span>
    </p>
   </div>
   <div class='ocr_carea' id='block_1_3' title="bbox 105 1920 1201 2456">
    <p class='ocr_par' dir='ltr' id='par_1_4' title="bbox 105 1920 1201 2456">
     <span class='ocr_line' id='line_1_15' title="bbox 105 1920 1197 2000; baseline -0.003 -15"><span class='ocrx_word' id='word_1_118' title='bbox 105 1923 234 1985; x_wconf 85' lang='lat' dir='ltr'>saeeula</span> <span class='ocrx_word' id='word_1_119' title='bbox 255 1923 286 1983; x_wconf 93' lang='lat' dir='ltr'>in</span> <span class='ocrx_word' id='word_1_120' title='bbox 310 1921 376 1985; x_wconf 87' lang='lat' dir='ltr'>sola</span> <span class='ocrx_word' id='word_1_121' title='bbox 397 1931 476 1984; x_wconf 84' lang='lat' dir='ltr'>terre</span> <span class='ocrx_word' id='word_1_122' title='bbox 497 1920 651 1984; x_wconf 86' lang='lat' dir='ltr'>nitebatur</span> <span class='ocrx_word' id='word_1_123' title='bbox 664 1922 711 1997; x_wconf 76' lang='lat' dir='ltr'>(e),</span> <span class='ocrx_word' id='word_1_124' title='bbox 728 1931 758 1983; x_wconf 92' lang='lat' dir='ltr'>et</span> <span class='ocrx_word' id='word_1_125' title='bbox 779 1937 869 1999; x_wconf 82' lang='lat' dir='ltr'>quae,</span> <span class='ocrx_word' id='word_1_126' title='bbox 886 1921 977 1982; x_wconf 91' lang='lat' dir='ltr'>etiam</span> <span class='ocrx_word' id='word_1_127' title='bbox 998 1928 1160 2000; x_wconf 81' lang='lat' dir='ltr'>postquam</span> <span class='ocrx_word' id='word_1_128' title='bbox 1179 1935 1197 1982; x_wconf 87' lang='lat' dir='ltr'><strong>a</strong></span> 
     </span>
     <span class='ocr_line' id='line_1_16' title="bbox 107 2010 1197 2093; baseline -0.001 -18"><span class='ocrx_word' id='word_1_129' title='bbox 107 2013 217 2093; x_wconf 89' lang='lat' dir='ltr'>peritis</span> <span class='ocrx_word' id='word_1_130' title='bbox 241 2011 280 2075; x_wconf 94' lang='lat' dir='ltr'>ad</span> <span class='ocrx_word' id='word_1_131' title='bbox 304 2010 593 2090; x_wconf 78' lang='lat' dir='ltr'>caeterafrugifera</span> <span class='ocrx_word' id='word_1_132' title='bbox 618 2019 742 2075; x_wconf 82' lang='lat' dir='ltr'>estense</span> <span class='ocrx_word' id='word_1_133' title='bbox 768 2022 824 2085; x_wconf 89' lang='grc' dir='ltr'><strong>εει,</strong></span> <span class='ocrx_word' id='word_1_134' title='bbox 844 2010 911 2088; x_wconf 82' lang='lat' dir='ltr'>jure</span> <span class='ocrx_word' id='word_1_135' title='bbox 932 2011 1062 2090; x_wconf 88' lang='lat' dir='ltr'>positivo</span> <span class='ocrx_word' id='word_1_136' title='bbox 1088 2012 1197 2074; x_wconf 90' lang='lat' dir='ltr'>iterum</span> 
     </span>
     <span class='ocr_line' id='line_1_17' title="bbox 105 2100 1197 2182; baseline 0.001 -18"><span class='ocrx_word' id='word_1_137' title='bbox 105 2110 199 2182; x_wconf 85' lang='lat' dir='ltr'>atque</span> <span class='ocrx_word' id='word_1_138' title='bbox 214 2103 324 2164; x_wconf 90' lang='lat' dir='ltr'>ilerum</span> <span class='ocrx_word' id='word_1_139' title='bbox 338 2100 377 2164; x_wconf 95' lang='lat' dir='ltr'>ad</span> <span class='ocrx_word' id='word_1_140' title='bbox 391 2101 519 2165; x_wconf 92' lang='lat' dir='ltr'>eandem</span> <span class='ocrx_word' id='word_1_141' title='bbox 535 2101 580 2164; x_wconf 91' lang='lat' dir='ltr'>vei</span> <span class='ocrx_word' id='word_1_142' title='bbox 597 2117 723 2181; x_wconf 89' lang='lat' dir='ltr'>prorsus</span> <span class='ocrx_word' id='word_1_143' title='bbox 737 2103 783 2164; x_wconf 88' lang='lat' dir='ltr'>vel</span> <span class='ocrx_word' id='word_1_144' title='bbox 807 2102 971 2182; x_wconf 79' lang='lat' dir='ltr'>praecipue</span> <span class='ocrx_word' id='word_1_145' title='bbox 993 2101 1197 2181; x_wconf 83' lang='lat' dir='ltr'>restringeba-</span> 
     </span>
     <span class='ocr_line' id='line_1_18' title="bbox 108 2193 1195 2272; baseline -0.003 -16"><span class='ocrx_word' id='word_1_146' title='bbox 108 2203 157 2256; x_wconf 92' lang='lat' dir='ltr'>tur</span> <span class='ocrx_word' id='word_1_147' title='bbox 171 2197 218 2270; x_wconf 76' lang='lat' dir='ltr'>(a).</span> <span class='ocrx_word' id='word_1_148' title='bbox 236 2194 361 2272; x_wconf 90' lang='lat' dir='ltr'>iusuper</span> <span class='ocrx_word' id='word_1_149' title='bbox 376 2194 525 2256; x_wconf 88' lang='lat' dir='ltr'>recolatur</span> <span class='ocrx_word' id='word_1_150' title='bbox 541 2193 662 2265; x_wconf 88' lang='lat' dir='ltr'>locatio,</span> <span class='ocrx_word' id='word_1_151' title='bbox 676 2201 711 2255; x_wconf 90' lang='lat' dir='ltr'>et</span> <span class='ocrx_word' id='word_1_152' title='bbox 724 2201 908 2261; x_wconf 85' lang='lat' dir='ltr'>contractus.</span> <span class='ocrx_word' id='word_1_153' title='bbox 928 2200 960 2254; x_wconf 91' lang='lat' dir='ltr'>ut</span> <span class='ocrx_word' id='word_1_154' title='bbox 977 2193 1195 2272; x_wconf 85' lang='lat' dir='ltr'>emphyteusis,</span> 
     </span>
     <span class='ocr_line' id='line_1_19' title="bbox 109 2282 1201 2364; baseline -0.001 -18"><span class='ocrx_word' id='word_1_155' title='bbox 109 2285 168 2364; x_wconf 91' lang='lat' dir='ltr'>ipsi</span> <span class='ocrx_word' id='word_1_156' title='bbox 187 2284 330 2348; x_wconf 83' lang='lat' dir='ltr'>locationi</span> <span class='ocrx_word' id='word_1_157' title='bbox 343 2285 459 2360; x_wconf 71' lang='lat' dir='ltr'>affines</span> <span class='ocrx_word' id='word_1_158' title='bbox 473 2284 585 2364; x_wconf 79' lang='lat' dir='ltr'>utribus</span> <span class='ocrx_word' id='word_1_159' title='bbox 601 2301 675 2346; x_wconf 91' lang='lat' dir='ltr'>usus</span> <span class='ocrx_word' id='word_1_160' title='bbox 686 2284 872 2347; x_wconf 85' lang='lat' dir='ltr'>vendebatur</span> <span class='ocrx_word' id='word_1_161' title='bbox 888 2283 999 2361; x_wconf 84' lang='lat' dir='ltr'>objecti</span> <span class='ocrx_word' id='word_1_162' title='bbox 1016 2282 1154 2364; x_wconf 78' lang='lat' dir='ltr'>frugiferi</span> <span class='ocrx_word' id='word_1_163' title='bbox 1171 2292 1201 2345; x_wconf 90' lang='lat' dir='ltr'>et</span> 
     </span>
     <span class='ocr_line' id='line_1_20' title="bbox 108 2374 1197 2456; baseline -0.002 -18"><span class='ocrx_word' id='word_1_164' title='bbox 108 2375 263 2456; x_wconf 89' lang='lat' dir='ltr'>imprimis</span> <span class='ocrx_word' id='word_1_165' title='bbox 279 2387 373 2439; x_wconf 84' lang='lat' dir='ltr'>terrae</span> <span class='ocrx_word' id='word_1_166' title='bbox 389 2392 442 2455; x_wconf 85' lang='lat' dir='ltr'>per</span> <span class='ocrx_word' id='word_1_167' title='bbox 461 2375 610 2438; x_wconf 85' lang='lat' dir='ltr'>culturam</span> <span class='ocrx_word' id='word_1_168' title='bbox 632 2375 839 2455; x_wconf 89' lang='lat' dir='ltr'>producentis.</span> <span class='ocrx_word' id='word_1_169' title='bbox 857 2374 943 2438; x_wconf 89' lang='lat' dir='ltr'>Idem</span> <span class='ocrx_word' id='word_1_170' title='bbox 966 2374 1075 2437; x_wconf 93' lang='lat' dir='ltr'>deinde</span> <span class='ocrx_word' id='word_1_171' title='bbox 1097 2375 1197 2436; x_wconf 85' lang='lat' dir='ltr'>nrani-</span> 
     </span>
    </p>
   </div>
   <div class='ocr_carea' id='block_1_4' title="bbox 111 2465 1195 2548">
    <p class='ocr_par' dir='ltr' id='par_1_5' title="bbox 111 2465 1195 2548">
     <span class='ocr_line' id='line_1_21' title="bbox 111 2465 1195 2548; baseline -0.001 -20"><span class='ocrx_word' id='word_1_172' title='bbox 111 2466 240 2529; x_wconf 90' lang='lat' dir='ltr'>iestatur</span> <span class='ocrx_word' id='word_1_173' title='bbox 253 2467 297 2529; x_wconf 87' lang='lat' dir='ltr'>rel</span> <span class='ocrx_word' id='word_1_174' title='bbox 310 2468 377 2548; x_wconf 90' lang='lat' dir='ltr'>ipsa</span> <span class='ocrx_word' id='word_1_175' title='bbox 389 2467 501 2529; x_wconf 91' lang='lat' dir='ltr'>artium</span> <span class='ocrx_word' id='word_1_176' title='bbox 512 2483 564 2529; x_wconf 92' lang='lat' dir='ltr'>seu</span> <span class='ocrx_word' id='word_1_177' title='bbox 577 2466 715 2530; x_wconf 87' lang='lat' dir='ltr'>laborum</span> <span class='ocrx_word' id='word_1_178' title='bbox 727 2465 896 2528; x_wconf 79' lang='lat' dir='ltr'>hierarchis</span> <span class='ocrx_word' id='word_1_179' title='bbox 912 2475 983 2529; x_wconf 92' lang='lat' dir='ltr'>tunc</span> <span class='ocrx_word' id='word_1_180' title='bbox 995 2465 1128 2528; x_wconf 87' lang='lat' dir='ltr'>admissa</span> <span class='ocrx_word' id='word_1_181' title='bbox 1141 2465 1174 2541; x_wconf 80' lang='lat' dir='ltr'>(t)</span> <span class='ocrx_word' id='word_1_182' title='bbox 1189 2482 1195 2527; x_wconf 93' lang='lat'>:</span> 
     </span>
    </p>
   </div>
   <div class='ocr_carea' id='block_1_5' title="bbox 106 2657 1204 4282">
    <p class='ocr_par' dir='ltr' id='par_1_6' title="bbox 106 2657 1204 3764">
     <span class='ocr_line' id='line_1_22' title="bbox 141 2657 1198 2724; baseline -0.003 -8"><span class='ocrx_word' id='word_1_183' title='bbox 141 2662 177 2722; x_wconf 85' lang='lat' dir='ltr'>(ll</span> <span class='ocrx_word' id='word_1_184' title='bbox 194 2659 296 2716; x_wconf 79' lang='lat' dir='ltr'>Census</span> <span class='ocrx_word' id='word_1_185' title='bbox 308 2660 337 2714; x_wconf 92' lang='lat' dir='ltr'>in</span> <span class='ocrx_word' id='word_1_186' title='bbox 349 2672 465 2724; x_wconf 86' lang='lat' dir='ltr'>persona</span> <span class='ocrx_word' id='word_1_187' title='bbox 481 2657 612 2714; x_wconf 89' lang='lat' dir='ltr'>fundatus</span> <span class='ocrx_word' id='word_1_188' title='bbox 629 2661 757 2723; x_wconf 80' lang='lat' dir='ltr'>implicite</span> <span class='ocrx_word' id='word_1_189' title='bbox 775 2659 940 2724; x_wconf 79' lang='lat' dir='ltr'>reprobatus</span> <span class='ocrx_word' id='word_1_190' title='bbox 960 2661 1001 2714; x_wconf 91' lang='lat' dir='ltr'>est</span> <span class='ocrx_word' id='word_1_191' title='bbox 1019 2673 1033 2713; x_wconf 88' lang='lat' dir='ltr'>a</span> <span class='ocrx_word' id='word_1_192' title='bbox 1052 2659 1198 2715; x_wconf 82' lang='lat' dir='ltr'>liertiuov</span> 
     </span>
     <span class='ocr_line' id='line_1_23' title="bbox 107 2733 1198 2800; baseline -0.002 -11"><span class='ocrx_word' id='word_1_193' title='bbox 107 2735 194 2797; x_wconf 74' lang='lat' dir='ltr'>(liet)</span> <span class='ocrx_word' id='word_1_194' title='bbox 204 2739 235 2789; x_wconf 89' lang='lat' dir='ltr'>et</span> <span class='ocrx_word' id='word_1_195' title='bbox 253 2747 268 2788; x_wconf 86' lang='lat' dir='ltr'>a</span> <span class='ocrx_word' id='word_1_196' title='bbox 286 2733 389 2789; x_wconf 83' lang='lat' dir='ltr'>calixto</span> <span class='ocrx_word' id='word_1_197' title='bbox 405 2735 439 2789; x_wconf 93' lang='grc'>111</span> <span class='ocrx_word' id='word_1_198' title='bbox 456 2733 549 2796; x_wconf 74' lang='lat' dir='ltr'>timet,</span> <span class='ocrx_word' id='word_1_199' title='bbox 568 2748 632 2789; x_wconf 89' lang='lat' dir='ltr'>eum</span> <span class='ocrx_word' id='word_1_200' title='bbox 650 2735 791 2800; x_wconf 82' lang='lat' dir='ltr'>requirant</span> <span class='ocrx_word' id='word_1_201' title='bbox 809 2738 841 2788; x_wconf 93' lang='lat' dir='ltr'>ut</span> <span class='ocrx_word' id='word_1_202' title='bbox 860 2747 959 2789; x_wconf 85' lang='lat' dir='ltr'>census</span> <span class='ocrx_word' id='word_1_203' title='bbox 976 2734 1159 2789; x_wconf 83' lang='lat' dir='ltr'>constituatur</span> <span class='ocrx_word' id='word_1_204' title='bbox 1171 2734 1198 2787; x_wconf 93' lang='lat' dir='ltr'>in</span> 
     </span>
     <span class='ocr_line' id='line_1_24' title="bbox 106 2808 1200 2875; baseline 0 -13"><span class='ocrx_word' id='word_1_205' title='bbox 106 2810 184 2862; x_wconf 70' lang='lat' dir='ltr'>bones</span> <span class='ocrx_word' id='word_1_206' title='bbox 194 2809 331 2862; x_wconf 76' lang='lat' dir='ltr'>slebilcbtes</span> <span class='ocrx_word' id='word_1_207' title='bbox 341 2808 385 2868; x_wconf 87' lang='lat' dir='ltr'>(ef.</span> <span class='ocrx_word' id='word_1_208' title='bbox 399 2810 548 2875; x_wconf 72' lang='lat' dir='ltr'>Eclectum.</span> <span class='ocrx_word' id='word_1_209' title='bbox 561 2823 722 2871; x_wconf 78' lang='lat' dir='ltr'>mnrmunes,</span> <span class='ocrx_word' id='word_1_210' title='bbox 734 2810 778 2871; x_wconf 95' lang='grc'>111,</span> <span class='ocrx_word' id='word_1_211' title='bbox 790 2809 818 2871; x_wconf 85' lang='grc'>5,</span> <span class='ocrx_word' id='word_1_212' title='bbox 831 2823 855 2864; x_wconf 89' lang='lat' dir='ltr'>c.</span> <span class='ocrx_word' id='word_1_213' title='bbox 870 2810 883 2862; x_wconf 90' lang='lat' dir='ltr'>l</span> <span class='ocrx_word' id='word_1_214' title='bbox 897 2812 925 2864; x_wconf 92' lang='lat' dir='ltr'>et</span> <span class='ocrx_word' id='word_1_215' title='bbox 936 2809 962 2869; x_wconf 72' lang='lat' dir='ltr'>il</span> <span class='ocrx_word' id='word_1_216' title='bbox 976 2826 982 2864; x_wconf 94' lang='lat'><strong>:</strong></span> <span class='ocrx_word' id='word_1_217' title='bbox 995 2808 1070 2874; x_wconf 87' lang='lat' dir='ltr'>ouod</span> <span class='ocrx_word' id='word_1_218' title='bbox 1089 2812 1200 2865; x_wconf 80' lang='lat' dir='ltr'>notetur</span> 
     </span>
     <span class='ocr_line' id='line_1_25' title="bbox 108 2883 1200 2950; baseline -0.001 -11"><span class='ocrx_word' id='word_1_219' title='bbox 108 2888 204 2939; x_wconf 87' lang='lat' dir='ltr'>contra</span> <span class='ocrx_word' id='word_1_220' title='bbox 227 2884 289 2938; x_wconf 89' lang='lat' dir='ltr'>illos</span> <span class='ocrx_word' id='word_1_221' title='bbox 308 2884 356 2949; x_wconf 82' lang='lat' dir='ltr'>oui</span> <span class='ocrx_word' id='word_1_222' title='bbox 377 2884 504 2939; x_wconf 88' lang='lat' dir='ltr'>invocant</span> <span class='ocrx_word' id='word_1_223' title='bbox 523 2883 664 2939; x_wconf 90' lang='lat' dir='ltr'>silentium</span> <span class='ocrx_word' id='word_1_224' title='bbox 685 2884 807 2949; x_wconf 91' lang='lat' dir='ltr'>ipsorum</span> <span class='ocrx_word' id='word_1_225' title='bbox 828 2883 862 2938; x_wconf 90' lang='lat' dir='ltr'>de</span> <span class='ocrx_word' id='word_1_226' title='bbox 882 2897 967 2939; x_wconf 90' lang='lat' dir='ltr'>censu</span> <span class='ocrx_word' id='word_1_227' title='bbox 989 2883 1140 2950; x_wconf 86' lang='lat' dir='ltr'>personali;</span> <span class='ocrx_word' id='word_1_228' title='bbox 1163 2885 1200 2939; x_wconf 88' lang='lat' dir='ltr'>ita</span> 
     </span>
     <span class='ocr_line' id='line_1_26' title="bbox 109 2958 1199 3024; baseline 0 -11"><span class='ocrx_word' id='word_1_229' title='bbox 109 2959 138 3014; x_wconf 86' lang='lat' dir='ltr'>P.</span> <span class='ocrx_word' id='word_1_230' title='bbox 150 2961 231 3020; x_wconf 75' lang='lat' dir='ltr'>Zucm</span> <span class='ocrx_word' id='word_1_231' title='bbox 243 2959 329 3024; x_wconf 80' lang='lat' dir='ltr'>Ripor</span> <span class='ocrx_word' id='word_1_232' title='bbox 344 2963 498 3011; x_wconf 83' lang='lat' dir='ltr'>moderatos</span> <span class='ocrx_word' id='word_1_233' title='bbox 513 2961 650 3012; x_wconf 81' lang='lat' dir='ltr'>doctrinae</span> <span class='ocrx_word' id='word_1_234' title='bbox 665 2958 816 3021; x_wconf 76' lang='lat' dir='ltr'>pontificiae</span> <span class='ocrx_word' id='word_1_235' title='bbox 827 2961 900 3012; x_wconf 84' lang='lat' dir='ltr'>circo</span> <span class='ocrx_word' id='word_1_236' title='bbox 913 2973 1021 3020; x_wconf 81' lang='lat' dir='ltr'>eeteros,</span> <span class='ocrx_word' id='word_1_237' title='bbox 1035 2959 1046 3019; x_wconf 77' lang='grc'>1</span> <span class='ocrx_word' id='word_1_238' title='bbox 1058 2958 1107 3013; x_wconf 73' lang='grc'>111</span> <span class='ocrx_word' id='word_1_239' title='bbox 1119 2958 1199 3022; x_wconf 81' lang='lat' dir='ltr'>(apud</span> 
     </span>
     <span class='ocr_line' id='line_1_27' title="bbox 110 3031 1201 3100; baseline -0.001 -11"><span class='ocrx_word' id='word_1_240' title='bbox 110 3034 208 3098; x_wconf 81' lang='lat' dir='ltr'>lfrene,</span> <span class='ocrx_word' id='word_1_241' title='bbox 227 3035 382 3100; x_wconf 82' lang='lat' dir='ltr'>Tbeolopiue</span> <span class='ocrx_word' id='word_1_242' title='bbox 393 3047 487 3086; x_wconf 76' lang='lat' dir='ltr'>mersos</span> <span class='ocrx_word' id='word_1_243' title='bbox 497 3034 650 3097; x_wconf 80' lang='lat' dir='ltr'>coneptetus,</span> <span class='ocrx_word' id='word_1_244' title='bbox 662 3031 734 3093; x_wconf 81' lang='lat' dir='ltr'>XVI).</span> <span class='ocrx_word' id='word_1_245' title='bbox 748 3031 849 3087; x_wconf 86' lang='lat' dir='ltr'>Eodem</span> <span class='ocrx_word' id='word_1_246' title='bbox 861 3037 952 3088; x_wconf 86' lang='lat' dir='ltr'>autem</span> <span class='ocrx_word' id='word_1_247' title='bbox 965 3034 1090 3098; x_wconf 91' lang='lat' dir='ltr'>tempore</span> <span class='ocrx_word' id='word_1_248' title='bbox 1101 3045 1201 3088; x_wconf 82' lang='lat' dir='ltr'>census</span> 
     </span>
     <span class='ocr_line' id='line_1_28' title="bbox 111 3105 1199 3174; baseline -0.001 -12"><span class='ocrx_word' id='word_1_249' title='bbox 111 3108 263 3174; x_wconf 82' lang='lat' dir='ltr'>personalis</span> <span class='ocrx_word' id='word_1_250' title='bbox 273 3121 323 3172; x_wconf 91' lang='lat' dir='ltr'>pro</span> <span class='ocrx_word' id='word_1_251' title='bbox 332 3109 448 3172; x_wconf 77' lang='lat' dir='ltr'>utraque</span> <span class='ocrx_word' id='word_1_252' title='bbox 458 3106 546 3161; x_wconf 88' lang='lat' dir='ltr'>Sicilia</span> <span class='ocrx_word' id='word_1_253' title='bbox 557 3107 689 3171; x_wconf 90' lang='lat' dir='ltr'>probatus</span> <span class='ocrx_word' id='word_1_254' title='bbox 700 3108 742 3160; x_wconf 89' lang='grc' dir='ltr'>εει</span> <span class='ocrx_word' id='word_1_255' title='bbox 753 3119 768 3159; x_wconf 89' lang='lat' dir='ltr'>a</span> <span class='ocrx_word' id='word_1_256' title='bbox 780 3105 889 3161; x_wconf 81' lang='lat' dir='ltr'>Nicolao</span> <span class='ocrx_word' id='word_1_257' title='bbox 902 3106 921 3159; x_wconf 88' lang='lat' dir='ltr'>V</span> <span class='ocrx_word' id='word_1_258' title='bbox 934 3105 1032 3168; x_wconf 65' lang='lat' dir='ltr'>(ildeb</span> <span class='ocrx_word' id='word_1_259' title='bbox 1047 3105 1094 3161; x_wconf 89' lang='lat' dir='ltr'>sed</span> <span class='ocrx_word' id='word_1_260' title='bbox 1107 3109 1199 3171; x_wconf 85' lang='lat' dir='ltr'>postea</span> 
     </span>
     <span class='ocr_line' id='line_1_29' title="bbox 107 3178 1199 3245; baseline -0.001 -10"><span class='ocrx_word' id='word_1_261' title='bbox 107 3182 184 3237; x_wconf 87' lang='lat' dir='ltr'>aPio</span> <span class='ocrx_word' id='word_1_262' title='bbox 197 3181 217 3234; x_wconf 87' lang='lat' dir='ltr'>V</span> <span class='ocrx_word' id='word_1_263' title='bbox 229 3179 312 3244; x_wconf 86' lang='grc'>(1569)</span> <span class='ocrx_word' id='word_1_264' title='bbox 325 3195 450 3245; x_wconf 75' lang='lat' dir='ltr'>expresse</span> <span class='ocrx_word' id='word_1_265' title='bbox 461 3180 605 3234; x_wconf 88' lang='lat' dir='ltr'>damnatus</span> <span class='ocrx_word' id='word_1_266' title='bbox 619 3178 692 3233; x_wconf 86' lang='lat' dir='ltr'>Bulla</span> <span class='ocrx_word' id='word_1_267' title='bbox 707 3179 773 3232; x_wconf 86' lang='lat' dir='ltr'>Cum</span> <span class='ocrx_word' id='word_1_268' title='bbox 785 3192 862 3242; x_wconf 83' lang='lat' dir='ltr'>onos,</span> <span class='ocrx_word' id='word_1_269' title='bbox 875 3193 937 3234; x_wconf 91' lang='lat' dir='ltr'>cum</span> <span class='ocrx_word' id='word_1_270' title='bbox 952 3180 1073 3245; x_wconf 80' lang='lat' dir='ltr'>requirat</span> <span class='ocrx_word' id='word_1_271' title='bbox 1089 3183 1120 3235; x_wconf 94' lang='lat' dir='ltr'>ut</span> <span class='ocrx_word' id='word_1_272' title='bbox 1138 3193 1199 3236; x_wconf 88' lang='lat' dir='ltr'>oen-</span> 
     </span>
     <span class='ocr_line' id='line_1_30' title="bbox 111 3253 1199 3319; baseline -0.002 -9"><span class='ocrx_word' id='word_1_273' title='bbox 111 3268 159 3310; x_wconf 91' lang='lat' dir='ltr'>sus</span> <span class='ocrx_word' id='word_1_274' title='bbox 169 3255 355 3310; x_wconf 86' lang='lat' dir='ltr'>constituatur</span> <span class='ocrx_word' id='word_1_275' title='bbox 372 3256 501 3307; x_wconf 73' lang='lat' dir='ltr'>«nonunt</span> <span class='ocrx_word' id='word_1_276' title='bbox 518 3254 545 3307; x_wconf 91' lang='lat' dir='ltr'>in</span> <span class='ocrx_word' id='word_1_277' title='bbox 558 3266 587 3307; x_wconf 88' lang='lat' dir='ltr'>re</span> <span class='ocrx_word' id='word_1_278' title='bbox 599 3253 733 3308; x_wconf 86' lang='lat' dir='ltr'>immobili</span> <span class='ocrx_word' id='word_1_279' title='bbox 746 3256 794 3308; x_wconf 84' lang='lat' dir='ltr'>eut</span> <span class='ocrx_word' id='word_1_280' title='bbox 805 3267 875 3318; x_wconf 83' lang='lat' dir='ltr'>quae</span> <span class='ocrx_word' id='word_1_281' title='bbox 886 3267 937 3319; x_wconf 91' lang='lat' dir='ltr'>pro</span> <span class='ocrx_word' id='word_1_282' title='bbox 957 3253 1090 3310; x_wconf 90' lang='lat' dir='ltr'>immobili</span> <span class='ocrx_word' id='word_1_283' title='bbox 1104 3254 1199 3310; x_wconf 89' lang='lat' dir='ltr'>babea-</span> 
     </span>
     <span class='ocr_line' id='line_1_31' title="bbox 111 3327 1201 3394; baseline 0 -12"><span class='ocrx_word' id='word_1_284' title='bbox 111 3330 188 3385; x_wconf 88' lang='lat' dir='ltr'>tur...</span> <span class='ocrx_word' id='word_1_285' title='bbox 199 3332 227 3384; x_wconf 90' lang='lat' dir='ltr'>et</span> <span class='ocrx_word' id='word_1_286' title='bbox 236 3343 302 3394; x_wconf 78' lang='lat' dir='ltr'>potue</span> <span class='ocrx_word' id='word_1_287' title='bbox 310 3330 468 3381; x_wconf 80' lang='lat' dir='ltr'>nominatim</span> <span class='ocrx_word' id='word_1_288' title='bbox 479 3331 559 3381; x_wconf 80' lang='lat' dir='ltr'>certis</span> <span class='ocrx_word' id='word_1_289' title='bbox 567 3327 664 3391; x_wconf 73' lang='lat' dir='ltr'>sinitris</span> <span class='ocrx_word' id='word_1_290' title='bbox 673 3331 811 3394; x_wconf 79' lang='lat' dir='ltr'>desipnola</span> <span class='ocrx_word' id='word_1_291' title='bbox 819 3331 854 3380; x_wconf 84' lang='lat' dir='ltr'>st&#39;t</span> <span class='ocrx_word' id='word_1_292' title='bbox 862 3343 877 3372; x_wconf 78' lang='lat' dir='ltr'>u</span> <span class='ocrx_word' id='word_1_293' title='bbox 889 3327 933 3388; x_wconf 90' lang='lat' dir='ltr'>(ef.</span> <span class='ocrx_word' id='word_1_294' title='bbox 944 3329 1104 3382; x_wconf 86' lang='lat' dir='ltr'>Butlort&#39;nm</span> <span class='ocrx_word' id='word_1_295' title='bbox 1113 3343 1201 3382; x_wconf 89' lang='lat' dir='ltr'>romo-</span> 
     </span>
     <span class='ocr_line' id='line_1_32' title="bbox 111 3400 1201 3468; baseline 0.002 -12"><span class='ocrx_word' id='word_1_296' title='bbox 111 3418 186 3467; x_wconf 82' lang='lat' dir='ltr'>num,</span> <span class='ocrx_word' id='word_1_297' title='bbox 199 3403 243 3458; x_wconf 90' lang='lat' dir='ltr'>ed.</span> <span class='ocrx_word' id='word_1_298' title='bbox 256 3402 398 3464; x_wconf 82' lang='lat' dir='ltr'>Luxemb.,</span> <span class='ocrx_word' id='word_1_299' title='bbox 411 3403 486 3465; x_wconf 78' lang='grc'>1111,</span> <span class='ocrx_word' id='word_1_300' title='bbox 499 3403 531 3465; x_wconf 92' lang='grc'>11,</span> <span class='ocrx_word' id='word_1_301' title='bbox 546 3416 572 3466; x_wconf 90' lang='lat' dir='ltr'>p.</span> <span class='ocrx_word' id='word_1_302' title='bbox 585 3400 652 3464; x_wconf 75' lang='lat' dir='ltr'>teet.</span> <span class='ocrx_word' id='word_1_303' title='bbox 671 3400 789 3457; x_wconf 88' lang='lat' dir='ltr'>Proinde</span> <span class='ocrx_word' id='word_1_304' title='bbox 805 3417 861 3457; x_wconf 90' lang='lat' dir='ltr'>non</span> <span class='ocrx_word' id='word_1_305' title='bbox 880 3404 981 3458; x_wconf 91' lang='lat' dir='ltr'>mirum</span> <span class='ocrx_word' id='word_1_306' title='bbox 997 3407 1039 3458; x_wconf 90' lang='lat' dir='ltr'>est</span> <span class='ocrx_word' id='word_1_307' title='bbox 1058 3403 1201 3468; x_wconf 78' lang='lat' dir='ltr'>theologos</span> 
     </span>
     <span class='ocr_line' id='line_1_33' title="bbox 109 3475 1203 3544; baseline -0.001 -12"><span class='ocrx_word' id='word_1_308' title='bbox 109 3476 146 3534; x_wconf 93' lang='lat' dir='ltr'>de</span> <span class='ocrx_word' id='word_1_309' title='bbox 159 3476 278 3533; x_wconf 87' lang='lat' dir='ltr'>iiceitate</span> <span class='ocrx_word' id='word_1_310' title='bbox 295 3477 370 3532; x_wconf 92' lang='lat' dir='ltr'>illius</span> <span class='ocrx_word' id='word_1_311' title='bbox 387 3481 543 3532; x_wconf 84' lang='lat' dir='ltr'>contractus</span> <span class='ocrx_word' id='word_1_312' title='bbox 560 3476 736 3531; x_wconf 87' lang='lat' dir='ltr'>vehementer</span> <span class='ocrx_word' id='word_1_313' title='bbox 753 3475 917 3543; x_wconf 90' lang='lat' dir='ltr'>disputasse.</span> <span class='ocrx_word' id='word_1_314' title='bbox 937 3478 1062 3533; x_wconf 78' lang='lat' dir='ltr'>Attamen</span> <span class='ocrx_word' id='word_1_315' title='bbox 1080 3491 1130 3544; x_wconf 90' lang='lat' dir='ltr'>per</span> <span class='ocrx_word' id='word_1_316' title='bbox 1146 3491 1203 3531; x_wconf 84' lang='lat' dir='ltr'>see·</span> 
     </span>
     <span class='ocr_line' id='line_1_34' title="bbox 111 3549 1204 3618; baseline 0 -13"><span class='ocrx_word' id='word_1_317' title='bbox 111 3551 174 3606; x_wconf 89' lang='lat' dir='ltr'>cula</span> <span class='ocrx_word' id='word_1_318' title='bbox 186 3552 242 3606; x_wconf 89' lang='lat' dir='ltr'>liVl</span> <span class='ocrx_word' id='word_1_319' title='bbox 252 3554 280 3607; x_wconf 92' lang='lat' dir='ltr'>et</span> <span class='ocrx_word' id='word_1_320' title='bbox 292 3551 367 3615; x_wconf 79' lang='lat' dir='ltr'>xl&#39;ll,</span> <span class='ocrx_word' id='word_1_321' title='bbox 386 3557 534 3616; x_wconf 83' lang='lat' dir='ltr'>praeeunte</span> <span class='ocrx_word' id='word_1_322' title='bbox 549 3551 651 3605; x_wconf 87' lang='lat' dir='ltr'>loaune</span> <span class='ocrx_word' id='word_1_323' title='bbox 667 3549 783 3615; x_wconf 84' lang='lat' dir='ltr'>lledine,</span> <span class='ocrx_word' id='word_1_324' title='bbox 796 3552 883 3616; x_wconf 85' lang='lat' dir='ltr'>magis</span> <span class='ocrx_word' id='word_1_325' title='bbox 900 3553 1043 3618; x_wconf 79' lang='lat' dir='ltr'>magisque</span> <span class='ocrx_word' id='word_1_326' title='bbox 1064 3551 1204 3617; x_wconf 77' lang='lat' dir='ltr'>pervulgo·</span> 
     </span>
     <span class='ocr_line' id='line_1_35' title="bbox 113 3622 1200 3689; baseline 0 -11"><span class='ocrx_word' id='word_1_327' title='bbox 113 3623 194 3681; x_wconf 90' lang='lat' dir='ltr'>batur</span> <span class='ocrx_word' id='word_1_328' title='bbox 209 3625 343 3680; x_wconf 88' lang='lat' dir='ltr'>sententia</span> <span class='ocrx_word' id='word_1_329' title='bbox 361 3637 474 3679; x_wconf 87' lang='lat' dir='ltr'>censum</span> <span class='ocrx_word' id='word_1_330' title='bbox 492 3622 663 3689; x_wconf 87' lang='lat' dir='ltr'>personalem</span> <span class='ocrx_word' id='word_1_331' title='bbox 682 3623 779 3678; x_wconf 89' lang='lat' dir='ltr'>saltem</span> <span class='ocrx_word' id='word_1_332' title='bbox 797 3625 859 3689; x_wconf 81' lang='lat' dir='ltr'>iure</span> <span class='ocrx_word' id='word_1_333' title='bbox 878 3625 993 3681; x_wconf 88' lang='lat' dir='ltr'>naturali</span> <span class='ocrx_word' id='word_1_334' title='bbox 1013 3625 1119 3680; x_wconf 92' lang='lat' dir='ltr'>licitum</span> <span class='ocrx_word' id='word_1_335' title='bbox 1131 3638 1200 3680; x_wconf 90' lang='lat' dir='ltr'>esse.</span> 
     </span>
     <span class='ocr_line' id='line_1_36' title="bbox 110 3697 1198 3764; baseline 0.002 -11"><span class='ocrx_word' id='word_1_336' title='bbox 110 3697 149 3753; x_wconf 82' lang='lat' dir='ltr'>dt.</span> <span class='ocrx_word' id='word_1_337' title='bbox 162 3700 203 3752; x_wconf 89' lang='lat' dir='ltr'>Le</span> <span class='ocrx_word' id='word_1_338' title='bbox 214 3703 364 3752; x_wconf 84' lang='lat' dir='ltr'>contractos</span> <span class='ocrx_word' id='word_1_339' title='bbox 374 3701 543 3762; x_wconf 78' lang='lat' dir='ltr'>perrnonieos</span> <span class='ocrx_word' id='word_1_340' title='bbox 555 3698 657 3761; x_wconf 82' lang='lat' dir='ltr'>(Revuc</span> <span class='ocrx_word' id='word_1_341' title='bbox 669 3699 756 3752; x_wconf 82' lang='lat' dir='ltr'>d’ltt‘st.</span> <span class='ocrx_word' id='word_1_342' title='bbox 770 3701 845 3763; x_wconf 82' lang='lat' dir='ltr'>ecet,</span> <span class='ocrx_word' id='word_1_343' title='bbox 857 3699 931 3762; x_wconf 80' lang='lat' dir='ltr'>tem,</span> <span class='ocrx_word' id='word_1_344' title='bbox 943 3711 970 3764; x_wconf 91' lang='lat' dir='ltr'>p.</span> <span class='ocrx_word' id='word_1_345' title='bbox 982 3697 1032 3754; x_wconf 82' lang='lat'>906</span> <span class='ocrx_word' id='word_1_346' title='bbox 1040 3713 1073 3763; x_wconf 85' lang='grc' dir='ltr'>ε,</span> <span class='ocrx_word' id='word_1_347' title='bbox 1084 3697 1132 3752; x_wconf 73' lang='grc'>911</span> <span class='ocrx_word' id='word_1_348' title='bbox 1142 3698 1198 3759; x_wconf 76' lang='lat' dir='ltr'>ss).</span> 
     </span>
    </p>

    <p class='ocr_par' dir='ltr' id='par_1_7' title="bbox 142 3771 726 3838">
     <span class='ocr_line' id='line_1_37' title="bbox 142 3771 726 3838; baseline -0.002 -11"><span class='ocrx_word' id='word_1_349' title='bbox 142 3773 178 3835; x_wconf 74' lang='lat' dir='ltr'>(il</span> <span class='ocrx_word' id='word_1_350' title='bbox 194 3772 233 3829; x_wconf 83' lang='lat' dir='ltr'>dt.</span> <span class='ocrx_word' id='word_1_351' title='bbox 246 3773 403 3836; x_wconf 75' lang='lat' dir='ltr'>unimur,</span> <span class='ocrx_word' id='word_1_352' title='bbox 415 3773 568 3837; x_wconf 73' lang='lat' dir='ltr'>moden...,</span> <span class='ocrx_word' id='word_1_353' title='bbox 580 3773 613 3834; x_wconf 94' lang='grc'>11,</span> <span class='ocrx_word' id='word_1_354' title='bbox 627 3786 653 3838; x_wconf 90' lang='lat' dir='ltr'>p.</span> <span class='ocrx_word' id='word_1_355' title='bbox 667 3771 726 3826; x_wconf 60' lang='lat' dir='ltr'>tw.</span> 
     </span>
    </p>

    <p class='ocr_par' dir='ltr' id='par_1_8' title="bbox 115 3844 1200 4062">
     <span class='ocr_line' id='line_1_38' title="bbox 143 3844 1199 3912; baseline -0.002 -10"><span class='ocrx_word' id='word_1_356' title='bbox 143 3847 178 3911; x_wconf 90' lang='grc'>(3)</span> <span class='ocrx_word' id='word_1_357' title='bbox 193 3849 233 3903; x_wconf 86' lang='lat' dir='ltr'>Ita</span> <span class='ocrx_word' id='word_1_358' title='bbox 253 3847 343 3903; x_wconf 88' lang='lat' dir='ltr'>adhuc</span> <span class='ocrx_word' id='word_1_359' title='bbox 360 3845 493 3902; x_wconf 85' lang='lat' dir='ltr'>llartinus</span> <span class='ocrx_word' id='word_1_360' title='bbox 512 3847 533 3900; x_wconf 87' lang='lat' dir='ltr'>V</span> <span class='ocrx_word' id='word_1_361' title='bbox 555 3852 584 3904; x_wconf 92' lang='lat' dir='ltr'>et</span> <span class='ocrx_word' id='word_1_362' title='bbox 602 3846 723 3902; x_wconf 78' lang='lat' dir='ltr'>calixtus</span> <span class='ocrx_word' id='word_1_363' title='bbox 745 3847 781 3900; x_wconf 93' lang='grc'>111</span> <span class='ocrx_word' id='word_1_364' title='bbox 804 3846 940 3909; x_wconf 88' lang='lat' dir='ltr'>imprimis</span> <span class='ocrx_word' id='word_1_365' title='bbox 963 3844 1151 3912; x_wconf 80' lang='lat' dir='ltr'>«praedium»</span> <span class='ocrx_word' id='word_1_366' title='bbox 1168 3848 1199 3900; x_wconf 92' lang='lat' dir='ltr'>ut</span> 
     </span>
     <span class='ocr_line' id='line_1_39' title="bbox 115 3918 1200 3984; baseline -0.003 -7"><span class='ocrx_word' id='word_1_367' title='bbox 115 3934 215 3977; x_wconf 87' lang='lat' dir='ltr'>census</span> <span class='ocrx_word' id='word_1_368' title='bbox 238 3921 445 3977; x_wconf 85' lang='lat' dir='ltr'>fundamentum</span> <span class='ocrx_word' id='word_1_369' title='bbox 469 3920 579 3976; x_wconf 85' lang='lat' dir='ltr'>habent.</span> <span class='ocrx_word' id='word_1_370' title='bbox 600 3921 666 3976; x_wconf 88' lang='lat' dir='ltr'>Pius</span> <span class='ocrx_word' id='word_1_371' title='bbox 686 3919 706 3972; x_wconf 94' lang='lat' dir='ltr'>V</span> <span class='ocrx_word' id='word_1_372' title='bbox 728 3919 757 3974; x_wconf 92' lang='lat' dir='ltr'>in</span> <span class='ocrx_word' id='word_1_373' title='bbox 776 3918 854 3975; x_wconf 87' lang='lat' dir='ltr'>Bulla</span> <span class='ocrx_word' id='word_1_374' title='bbox 876 3920 941 3984; x_wconf 84' lang='lat' dir='ltr'>Cum</span> <span class='ocrx_word' id='word_1_375' title='bbox 960 3933 1027 3972; x_wconf 85' lang='lat' dir='ltr'>onus</span> <span class='ocrx_word' id='word_1_376' title='bbox 1050 3919 1200 3984; x_wconf 76' lang='lat' dir='ltr'>generatim</span> 
     </span>
     <span class='ocr_line' id='line_1_40' title="bbox 119 3993 895 4062; baseline -0.006 -11"><span class='ocrx_word' id='word_1_377' title='bbox 119 3997 234 4062; x_wconf 80' lang='lat' dir='ltr'>requirit</span> <span class='ocrx_word' id='word_1_378' title='bbox 245 3999 277 4051; x_wconf 92' lang='lat' dir='ltr'>ut</span> <span class='ocrx_word' id='word_1_379' title='bbox 288 4009 387 4051; x_wconf 81' lang='lat' dir='ltr'>oensus</span> <span class='ocrx_word' id='word_1_380' title='bbox 398 3996 582 4051; x_wconf 91' lang='lat' dir='ltr'>constituatur</span> <span class='ocrx_word' id='word_1_381' title='bbox 593 4012 610 4043; x_wconf 74' lang='grc' dir='ltr'>α</span> <span class='ocrx_word' id='word_1_382' title='bbox 619 3995 648 4049; x_wconf 94' lang='lat' dir='ltr'>in</span> <span class='ocrx_word' id='word_1_383' title='bbox 660 4007 690 4048; x_wconf 90' lang='lat' dir='ltr'>re</span> <span class='ocrx_word' id='word_1_384' title='bbox 703 3993 895 4048; x_wconf 81' lang='lat' dir='ltr'>immobili...»</span> 
     </span>
    </p>

    <p class='ocr_par' dir='ltr' id='par_1_9' title="bbox 120 4063 1204 4282">
     <span class='ocr_line' id='line_1_41' title="bbox 146 4063 1201 4134; baseline -0.001 -11"><span class='ocrx_word' id='word_1_385' title='bbox 146 4069 181 4132; x_wconf 82' lang='grc'>(1)</span> <span class='ocrx_word' id='word_1_386' title='bbox 197 4069 235 4126; x_wconf 85' lang='lat' dir='ltr'>dt.</span> <span class='ocrx_word' id='word_1_387' title='bbox 249 4069 405 4132; x_wconf 74' lang='grc' dir='ltr'><strong>Εευειιειιε,</strong></span> <span class='ocrx_word' id='word_1_388' title='bbox 420 4069 633 4132; x_wconf 82' lang='lat' dir='ltr'>Grundstitze...,</span> <span class='ocrx_word' id='word_1_389' title='bbox 645 4083 672 4134; x_wconf 83' lang='lat' dir='ltr'>p.</span> <span class='ocrx_word' id='word_1_390' title='bbox 681 4067 803 4132; x_wconf 76' lang='grc' dir='ltr'>111-116ς</span> <span class='ocrx_word' id='word_1_391' title='bbox 815 4067 845 4122; x_wconf 94' lang='lat' dir='ltr'>V.</span> <span class='ocrx_word' id='word_1_392' title='bbox 856 4067 972 4130; x_wconf 74' lang='lat' dir='ltr'>Beuum,</span> <span class='ocrx_word' id='word_1_393' title='bbox 981 4079 1023 4130; x_wconf 83' lang='lat' dir='ltr'>op.</span> <span class='ocrx_word' id='word_1_394' title='bbox 1034 4079 1067 4129; x_wconf 74' lang='lat' dir='ltr'>e..</span> <span class='ocrx_word' id='word_1_395' title='bbox 1080 4080 1106 4130; x_wconf 84' lang='lat' dir='ltr'>p.</span> <span class='ocrx_word' id='word_1_396' title='bbox 1116 4063 1201 4130; x_wconf 67' lang='lat' dir='ltr'>8ld&#39;l;</span> 
     </span>
     <span class='ocr_line' id='line_1_42' title="bbox 120 4140 1204 4207; baseline -0.002 -11"><span class='ocrx_word' id='word_1_397' title='bbox 120 4143 279 4205; x_wconf 79' lang='lat' dir='ltr'>praesertim</span> <span class='ocrx_word' id='word_1_398' title='bbox 290 4142 314 4197; x_wconf 86' lang='lat' dir='ltr'>l.</span> <span class='ocrx_word' id='word_1_399' title='bbox 325 4143 448 4204; x_wconf 82' lang='lat' dir='ltr'>lnnssun,</span> <span class='ocrx_word' id='word_1_400' title='bbox 461 4142 617 4196; x_wconf 81' lang='lat' dir='ltr'>Gerebiolrte</span> <span class='ocrx_word' id='word_1_401' title='bbox 628 4146 675 4195; x_wconf 80' lang='lat' dir='ltr'>des</span> <span class='ocrx_word' id='word_1_402' title='bbox 685 4142 827 4194; x_wconf 76' lang='lat' dir='ltr'>denbebcn</span> <span class='ocrx_word' id='word_1_403' title='bbox 840 4141 935 4194; x_wconf 84' lang='lat' dir='ltr'>Voltes</span> <span class='ocrx_word' id='word_1_404' title='bbox 943 4142 993 4192; x_wconf 80' lang='lat' dir='ltr'>seit</span> <span class='ocrx_word' id='word_1_405' title='bbox 1005 4141 1066 4193; x_wconf 86' lang='lat' dir='ltr'>dem</span> <span class='ocrx_word' id='word_1_406' title='bbox 1077 4140 1204 4207; x_wconf 82' lang='lat' dir='ltr'>Ansponp</span> 
     </span>
     <span class='ocr_line' id='line_1_43' title="bbox 120 4214 645 4282; baseline 0.01 -15"><span class='ocrx_word' id='word_1_407' title='bbox 120 4217 166 4268; x_wconf 86' lang='lat' dir='ltr'>des</span> <span class='ocrx_word' id='word_1_408' title='bbox 177 4217 361 4280; x_wconf 82' lang='lat' dir='ltr'>Mittelotters,</span> <span class='ocrx_word' id='word_1_409' title='bbox 373 4217 394 4280; x_wconf 90' lang='lat' dir='ltr'>l,</span> <span class='ocrx_word' id='word_1_410' title='bbox 404 4229 431 4282; x_wconf 93' lang='lat' dir='ltr'>p.</span> <span class='ocrx_word' id='word_1_411' title='bbox 441 4215 491 4271; x_wconf 74' lang='lat' dir='ltr'>ted</span> <span class='ocrx_word' id='word_1_412' title='bbox 502 4214 645 4282; x_wconf 77' lang='grc' dir='ltr'><strong>εε.,138ε</strong></span> 
     </span>
    </p>
   </div>
   <div class='ocr_carea' id='block_1_6' title="bbox 0 0 1630 4959">
    <p class='ocr_par' dir='ltr' id='par_1_10' title="bbox 0 0 1630 4959">
     <span class='ocr_line' id='line_1_44' title="bbox 0 0 1630 4959; baseline 0 0"><span class='ocrx_word' id='word_1_413' title='bbox 0 0 1630 4959; x_wconf 95' lang='lat' dir='ltr'> </span> 
     </span>
    </p>
   </div>
  </div>
 </body>
</html>
