3242 4959
409 447 471 513 ibit
779 467 852 513 runs
867 467 988 514 urrann.
1005 467 1083 516 sacr.
1101 469 1122 516 r.

408 648 477 697 curn
499 640 601 696 autam
624 648 685 696 non
707 632 749 695 ita
770 623 923 696 reseratur
939 640 972 696 ut
995 631 1171 697 earumdem
1195 634 1314 696 ratione
1336 632 1491 708 induatur,

407 746 557 811 quaenam
573 729 741 796 formaliter
755 730 862 793 relatio
876 731 1047 811 concipitur
1067 731 1107 796 ab
1121 731 1286 811 Angelicol
1301 731 1435 795 Pecunia
1450 737 1496 794 est

406 846 552 902 manare
572 827 710 893 omnium
731 843 834 890 rerum
854 828 1009 891 venalium
1033 845 1040 892 :
1064 836 1111 892 est
1131 845 1285 904 mensura,
1309 838 1494 896 nontamen

406 926 493 1010 quasi
523 927 555 990 in
583 926 684 1008 scipsa
713 925 876 988 utilitatem
905 925 1041 1006 aliquam
1070 926 1207 1005 ejusdem
1236 928 1356 1007 generis
1381 943 1417 992 ac
1445 945 1496 993 ros

406 1027 528 1095 venales
557 1026 734 1102 contineret,
765 1025 847 1106 quod
874 1025 937 1104 jam
965 1025 1056 1090 modo
1085 1026 1290 1101 excludimus,
1322 1043 1377 1092 noc
1406 1029 1493 1108 quasi

406 1127 572 1215 quamlibet
593 1127 688 1189 aliam
710 1127 742 1188 iu
763 1126 866 1206 seipsa
889 1126 1058 1190 naturalem
1082 1126 1244 1190 utilitatem
1269 1128 1394 1192 haberat
1416 1143 1494 1208 quae

405 1227 521 1291 utilitas
542 1225 745 1306 aequivaleret
771 1223 894 1286 utilitati
917 1239 1019 1287 rarum
1043 1224 1162 1288 homiui
1189 1227 1443 1301 necessariarum,
1464 1233 1493 1289 et

405 1341 483 1405 quae
497 1323 565 1387 ideo
580 1323 659 1386 hanc
673 1337 852 1385 mensurare
867 1329 969 1401 posset
986 1339 993 1384 :
1011 1323 1123 1386 etenim
1140 1339 1276 1388 «omnes
1291 1324 1369 1387 aliae
1384 1340 1436 1388 aas
1456 1341 1492 1388 eu

405 1424 516 1505 seipsis
530 1424 644 1487 habeut
658 1423 792 1503 aliquam
814 1421 989 1498 utilitatem,
1006 1421 1136 1503 pecunia
1157 1432 1258 1488 autem
1280 1441 1353 1496 non,
1370 1425 1424 1488 sed
1447 1434 1493 1489 est

403 1539 547 1594 mensura
562 1523 704 1586 utilitatis
719 1522 849 1584 aliarum
863 1537 977 1596 rerum,
994 1529 1028 1585 ut
1043 1531 1123 1602 patet
1138 1539 1193 1603 per
1215 1524 1437 1605 Philosophum
1460 1525 1492 1588 in

347 1627 350 1630 ’
410 1621 564 1696 inclita,
578 1638 645 1702 cap.
660 1621 738 1684 lllll.
752 1621 790 1684 lli
804 1619 873 1684 ideo
888 1621 1036 1706 pmuniae
1052 1638 1126 1686 usus
1140 1639 1202 1687 non
1213 1623 1304 1688 habet
1315 1639 1491 1688 mensuram

403 1722 545 1794 utilitatis
568 1738 606 1786 ex
630 1722 698 1802 ipsa
722 1721 863 1802 pecunia,
891 1721 945 1785 sed
972 1739 1008 1785 cx
1033 1721 1124 1786 rebus
1148 1740 1227 1804 quae
1252 1739 1306 1804 per
1330 1725 1491 1805 pecuniam

404 1827 619 1887 mensurantur
633 1819 800 1883 meandum
816 1819 1016 1884 differentiam
1038 1821 1103 1899 ejus
1124 1821 1177 1902 qui
1198 1823 1360 1901 pecuniam
1381 1821 1421 1886 ad
1442 1838 1492 1886 res

403 1925 613 1982 transmutat»
631 1919 704 1995 lul..
724 1917 879 1999 «Oportet
893 1934 959 1982 osse
978 1933 1074 1980 unum
1096 1918 1213 1999 aliquid
1232 1935 1292 1998 quo
1313 1918 1490 1998 hujusmodi

404 2016 506 2081 omnia
521 2023 735 2079 mensurantur
749 2015 831 2094 quod
846 2014 970 2096 auidam
985 2032 1047 2079 nou
1066 2023 1223 2080 mensurat
1243 2033 1278 2080 ex
1299 2017 1346 2080 sul
1367 2025 1488 2090 natura,

402 2114 457 2179 sed
472 2115 544 2195 quia
559 2113 601 2177 ita
614 2113 748 2194 positum
763 2120 810 2176 est
831 2114 909 2177 inter
929 2113 1070 2177 homiues
1085 2137 1100 2170 a
1117 2116 1164 2191 (a).
1186 2114 1273 2179 [lude
1294 2132 1354 2194 uua
1374 2115 1490 2195 priuci-

402 2212 487 2294 pium
499 2210 727 2275 fundamentalc
738 2210 824 2292 ponit
836 2211 1009 2291 pecuniam,
1023 2228 1085 2291 qna
1095 2211 1272 2292 pecualem,
1286 2229 1353 2276 esse
1364 2229 1490 2276 menan-

402 2329 481 2386 ram,
498 2327 560 2373 aaa
575 2315 784 2372 mensuratum
799 2332 809 2370 .·
827 2307 908 2390 quod
929 2308 1053 2388 quidem
1071 2309 1197 2372 maximi
1217 2319 1263 2372 cst
1284 2312 1431 2376 momenti
1452 2311 1491 2375 ad

402 2409 572 2473 doctrinam
594 2408 813 2471 oeconomicam
829 2407 861 2470 S.
879 2407 1012 2470 Thomae
1034 2407 1092 2470 rite
1113 2407 1355 2488 intelligendam.
1372 2411 1489 2490 Nempe

401 2512 529 2600 pectmia
544 2510 714 2574 formaliter
727 2509 857 2572 habetur
871 2509 909 2572 ab
924 2508 991 2588 ipso
1013 2508 1149 2587 ciusdem
1169 2517 1294 2592 naturae
1313 2525 1348 2572 ac
1369 2510 1491 2589 panum

401 2618 431 2675 et
445 2626 599 2692 mensum,
616 2624 745 2688 quorum
761 2624 836 2670 usus
852 2607 1023 2670 essentialis
1038 2607 1131 2669 estin
1146 2606 1344 2688 ponderando
1356 2624 1391 2672 ac
1406 2623 1491 2672 men·

401 2709 547 2783 surando,
564 2716 594 2772 et
609 2723 738 2788 qrromm
753 2707 822 2771 ideo
838 2707 1002 2772 intrinseca
1017 2707 1145 2783 utilitas,
1162 2723 1254 2788 quam
1264 2725 1300 2798 ex
1311 2723 1366 2771 sua
1382 2716 1490 2772 natura

401 2809 531 2884 hahent,
563 2807 738 2870 nullatcnus
761 2806 865 2870 reiert.
895 2798 981 2879 Quod
1011 2805 1155 2869 omnibus
1181 2807 1212 2869 S.
1239 2806 1373 2869 Thomna
1398 2807 1490 2870 dictis

401 2908 530 2988 probare
545 2921 803 2987 supervacaneum
819 2912 913 2982 esset;
932 2904 1102 2984 sufficitque
1123 2903 1190 2983 ejus
1210 2919 1302 2985 opera
1325 2905 1436 2984 legisse
1457 2903 1492 2968 ut'

401 3007 442 3072 ita
458 3015 617 3073 statuatur.

442 3109 507 3171 lloc
523 3115 624 3175 autem
646 3105 786 3181 diceudo,
803 3104 979 3167 nullatenus
1000 3103 1031 3166 id
1048 3118 1160 3184 negare
1183 3102 1381 3180 intendimus,
1405 3103 1487 3183 quod
1580 3157 1583 3164 .

400 3206 567 3288 Angelicus
591 3205 750 3266 affirmat:
775 3203 940 3283 «amplius
965 3210 1065 3266 autem
1089 3200 1210 3282 pondus
1235 3209 1265 3264 ct
1285 3217 1438 3277 mensura,
1456 3202 1488 3265 iu

401 3314 548 3386 quantum
564 3302 649 3378 talia,
668 3319 791 3382 semper
802 3301 983 3366 ordinantur
997 3301 1035 3364 ad
1057 3309 1231 3364 mensurata
1253 3307 1282 3363 et
1303 3301 1485 3380 pondemta;

401 3405 490 3469 aliter
505 3419 559 3484 per
573 3420 605 3467 se
620 3402 698 3464 nihil
717 3409 800 3464 suut.
819 3400 877 3463 Sed
898 3399 1063 3474 numisma,
1081 3398 1221 3479 quamvis
1240 3399 1281 3461 sit
1301 3414 1445 3462 mensura
1459 3400 1498 3464 et'

401 3506 639 3575 instrumentum
664 3502 696 3570 in
723 3499 1010 3583 permutationibus,
1038 3508 1139 3565 tamen
1161 3513 1216 3580 per
1236 3513 1268 3560 se
1284 3497 1400 3578 aliquid
1422 3515 1488 3563 esse

401 3610 516 3685 potest;
543 3610 627 3682 puta,
655 3601 682 3662 si
711 3597 953 3673 condemnarit
980 3592 1108 3676 aliquid,
1137 3595 1279 3659 videlicet
1303 3612 1411 3660 aurum
1440 3596 1486 3660 vel

399 3711 570 3784 argeutum.
587 3701 667 3780 Ergo
683 3714 804 3779 semper
819 3714 880 3763 nou
895 3695 1086 3764 ordinabitur
1100 3691 1139 3762 ad
1153 3695 1419 3776 permutationes»
1437 3697 1483 3774 (a).

398 3801 458 3866 Sed
474 3801 533 3865 sub
554 3799 613 3865 hac
634 3805 788 3877 respectu,
812 3803 846 3859 ut
866 3811 936 3864 mox
957 3793 1085 3869 dicetur,
1110 3793 1263 3859 numisma
1288 3809 1350 3858 nou
1368 3794 1433 3874 jam
1453 3801 1486 3856 ut

430 4056 465 4120 (l)
481 4055 519 4112 cl.
532 4056 567 4109 In
579 4054 632 4109 ΙΙΙ
640 4056 724 4117 aaut,
738 4053 768 4108 li.
783 4053 904 4117 XXXVII,
915 4068 942 4119 u.
955 4053 975 4114 l,
989 4066 1013 4108 a.
1026 4051 1052 4116 6,
1065 4065 1089 4107 c.

430 4139 464 4201 (i)
481 4136 519 4195 (X.
533 4139 569 4193 Ia
580 4137 737 4194 nttnamm
751 4136 779 4190 L.
792 4135 824 4198 tl,
837 4134 900 4191 lect.
913 4133 937 4198 9,
951 4133 1088 4194 adfinem.

430 4221 465 4284 (3)
480 4219 519 4277 Gi.
532 4221 577 4274 De'
584 4221 716 4286 repimine
726 4220 888 4284 emmaum,
900 4217 930 4272 L.
942 4216 974 4281 ll,
988 4230 1012 4271 c.
1025 4215 1067 4270 ll.
