3242 4959
397 445 460 510 aad
762 464 835 510 rans
849 464 970 511 aurem.
988 465 1068 512 sacr.
1086 467 1119 511 u.
1169 509 1172 514 .

397 627 435 692 ad
453 627 542 692 tidem
558 627 794 704 conciliandam,
812 629 945 694 officium
968 632 1146 710 praestitum
1168 633 1300 702 manime
1321 639 1368 696 est
1388 632 1483 714 pretio

328 779 329 782 ,
396 726 597 798 aestimabile,
612 743 683 790 oum
704 727 780 791 alter
801 728 860 791 boc
880 728 970 792 ruodo
992 747 1010 792 a
1031 729 1144 793 damno
1165 729 1323 796 subeundo
1338 731 1481 808 salvetur,

395 825 441 888 vel
454 825 491 888 ad
504 822 755 889 lucrifaciendum
772 824 939 903 adjuvetur.
953 828 1155 907 Atqui,1'urta
1170 829 1323 909 principia
1335 829 1481 908 iustitiae,

395 924 520 1004 quaevis
535 923 652 988 utilitas
666 923 698 986 in
714 940 747 986 se
766 933 795 988 et
816 923 963 1003 objectiva
984 927 1129 997 existens,
1153 927 1250 1006 pretio
1270 936 1318 990 est
1341 929 1484 991 aestima·

395 1021 478 1086 bitis.
496 1021 583 1087 Unde
598 1022 640 1085 ita
654 1021 802 1097 adbibita,
819 1023 993 1102 pecunia-et
1007 1024 1125 1088 valores
1148 1025 1335 1105 quicumque
1356 1034 1484 1106 possunt

396 1131 430 1186 ut
445 1122 565 1186 lucrosa
580 1137 635 1200 per
649 1136 681 1183 se
696 1121 813 1186 baberi.

436 1221 468 1284 3⁰
486 1222 613 1301 Insuper
637 1220 796 1300 probatum
823 1229 869 1283 est
893 1222 1054 1301 pecuniam
1080 1223 1188 1286 saltem
1217 1230 1401 1287 monetalem
1424 1239 1483 1303 qua

394 1336 459 1384 rem
485 1319 621 1382 venalem
651 1334 882 1399 nonnumquam
907 1321 1048 1399 spectari,
1077 1320 1204 1400 proinde
1230 1321 1347 1384 eisdem
1372 1321 1484 1401 quibus

394 1428 527 1482 caeteras
541 1433 657 1482 merces
672 1417 792 1498 legibus
806 1418 955 1482 submitti.
973 1419 1064 1499 Atqui
1082 1419 1225 1483 omnibus
1240 1419 1398 1483 hodiernis
1412 1437 1483 1484 con-

394 1517 605 1592 sentientibus,
624 1516 742 1580 luerurn
758 1533 794 1580 eu
809 1517 963 1580 mercibus
977 1528 1023 1581 est
1038 1518 1168 1593 licitum,
1186 1519 1294 1582 saitem
1312 1535 1372 1598 quo
1387 1536 1482 1600 nego·

394 1616 511 1680 tiatoris
527 1614 612 1678 labor
626 1624 849 1694 compensetur.
864 1614 922 1678 Sed
938 1615 988 1678 bie
1003 1631 1073 1680 cum
1091 1632 1152 1679 non
1172 1617 1209 1680 de
1225 1618 1363 1681 mercede
1378 1617 1484 1680 indus

393 1715 468 1779 triae
495 1722 613 1794 agatur,
641 1714 778 1793 quaestio
804 1722 850 1776 est
879 1721 980 1776 utrum
1009 1731 1046 1776 ex
1074 1715 1118 1777 rei
1147 1715 1264 1778 venalis
1291 1724 1400 1779 natura
1428 1732 1483 1780 seu

394 1812 621 1876 conditionibus
647 1810 898 1886 accidentalibus,
921 1813 1040 1875 etiamsi
1056 1829 1105 1876 res
1117 1814 1149 1877 iu
1164 1831 1197 1878 se
1212 1831 1274 1878 non
1293 1815 1481 1889 melioretur,

394 1912 562 1975 auctarium
576 1911 692 1990 iustum
708 1910 779 1972 oriri
802 1911 910 1989 possit.
928 1911 1013 1985 Quod
1034 1905 1171 1988 videtur‚'
1187 1913 1278 1977 certis
1298 1914 1406 1994 positis
1428 1913 1483 1978 ad-

392 2009 505 2088 iunctis
521 2009 656 2073 locorum
676 2008 722 2071 vel
746 2018 928 2088 temporum,
945 2010 1071 2074 omnino
1092 2010 1315 2074 affirmandum.
1332 2011 1484 2089 Adiuncto

394 2120 494 2172 autem
522 2108 574 2171 illa
600 2117 723 2171 externa
750 2116 779 2170 et
804 2107 1023 2177 diversissima,
1046 2125 1124 2187 quae
1143 2118 1313 2173 accuratam
1335 2110 1484 2190 effugiunt

394 2208 554 2287 analysim‚
581 2207 716 2271 elliciunt
736 2216 770 2270 ut
790 2224 839 2271 res
860 2208 974 2287 aliqua,
1000 2209 1057 2272 boc
1083 2210 1149 2272 loco
1174 2210 1220 2273 vel
1246 2218 1393 2290 tempore,
1411 2211 1483 2291 plus

395 2307 536 2370 utilitatis
557 2323 649 2386 quarn
671 2307 732 2369 alio
755 2307 787 2368 in
810 2323 842 2368 se
864 2306 983 2380 babeat,
1008 2314 1037 2370 et
1058 2308 1186 2386 proinde
1200 2316 1233 2372 ut
1254 2309 1387 2388 pretium
1402 2310 1482 2388 juste

394 2413 509 2469 crescat
525 2407 570 2482 (a).
589 2404 676 2479 Quod
691 2404 855 2469 dicendum
869 2413 914 2468 est
926 2406 1011 2484 iuxta
1026 2406 1214 2487 principium
1229 2406 1319 2472 modo
1343 2409 1482 2472 enuntia-

394 2515 470 2581 tum,
503 2507 531 2567 vi
561 2506 647 2585 cuius
679 2523 879 2586 unaquaeque
908 2507 1023 2570 utilitas
1047 2525 1120 2570 uero
1145 2510 1242 2589 pretio
1268 2509 1308 2571 sit
1335 2511 1481 2574 aestima·

393 2604 475 2668 bilis.
495 2604 578 2668 ldem
594 2604 688 2684 igitur
709 2614 848 2668 monetae
871 2605 1017 2686 applices.
1035 2606 1067 2668 Si
1094 2607 1136 2669 ita
1160 2607 1322 2671 dicendum
1344 2609 1483 2672 videatur

393 2703 430 2767 de
452 2702 734 2783 pecunia-metallo,
752 2704 850 2782 major
873 2713 919 2767 est
940 2703 1102 2768 difficultas
1121 2707 1158 2769 de
1180 2704 1278 2770 titulis
1301 2706 1479 2784 fiduciariis,

393 2803 457 2882 qui,
471 2812 505 2865 ut
519 2810 611 2881 patet,
625 2802 744 2864 nullum
760 2801 872 2865 babent
883 2803 1015 2866 valorem
1030 2805 1240 2868 intrinsecum.
1255 2807 1366 2869 lterum
1379 2815 1481 2870 aulem

393 2903 444 2966 bic
462 2903 655 2982 seponendus
671 2911 716 2966 est
731 2903 818 2966 labor
839 2905 919 2967 eirca
938 2905 1022 2983 ipsos
1041 2905 1170 2984 agentis,
1188 2906 1241 2985 qui
1260 2905 1366 2969 eodem
1390 2906 1481 2970 modo

393 3018 429 3065 ac
443 3001 524 3064 circa
539 3008 692 3067 monetam
709 3002 946 3081 compensabilis
961 3012 1016 3065 est.
1036 3003 1100 3076 Quo
1115 3004 1260 3081 sciendo,
1278 3021 1340 3068 non
1362 3005 1482 3069 videtur

393 3098 499 3162 titulus
525 3097 631 3164 crediti
657 3115 711 3162 scu
735 3100 897 3175 «valor»,
921 3101 1178 3181 quemadmodum
1200 3104 1261 3166 alia
1283 3105 1425 3183 pecunia,
1449 3112 1481 3166 ut

392 3214 477 3260 merx
498 3199 603 3262 baberi
624 3215 726 3278 posse,
750 3215 806 3262 neo
832 3216 868 3262 err
893 3200 1043 3277 adjunctis
1067 3201 1204 3279 ejusdem
1232 3213 1357 3266 naturae
1383 3204 1481 3284 pretio

292 3373 294 3375 ,
392 3310 527 3359 crescere
556 3297 706 3360 :nullam
731 3298 814 3360 enirn
839 3299 1001 3362 utilitatem
1027 3307 1146 3380 praeter
1171 3300 1332 3364 utilitatem
1358 3300 1482 3364 divitias

390 3392 489 3455 reales
509 3395 756 3473 repraesentandi
778 3396 858 3460 tituli
880 3396 1050 3461 includunt.
1069 3398 1155 3472 Quod
1177 3415 1250 3461 sane
1271 3415 1332 3461 non
1352 3399 1482 3480 impedit

391 3491 556 3571 quominus
578 3493 670 3572 juste,
688 3494 780 3557 etiarn
802 3511 837 3556 ex
860 3494 1012 3573 adiunctis
1032 3497 1282 3570 accidentalibus,
1305 3499 1403 3577 pretio
1426 3516 1480 3562 au·

390 3598 518 3672 geantur
533 3607 569 3655 ac
584 3591 771 3655 minuantur.
790 3592 849 3656 Sed
864 3593 921 3656 bac
943 3594 1032 3673 pretii
1052 3592 1222 3658 differentia
1246 3596 1357 3660 emitur
1378 3598 1481 3677 potius

390 3699 419 3752 et
436 3690 577 3754 venditur
605 3692 802 3771 «periculum
825 3693 957 3769 sortis»,
983 3695 1035 3773 qui
1057 3711 1182 3775 prorsus
1203 3696 1282 3758 alius
1304 3704 1351 3759 est
1373 3697 1481 3760 titulus

389 3807 424 3854 ac
439 3791 481 3854 rei
497 3791 614 3854 utilitas
629 3791 794 3856 intrinseca
812 3809 865 3856 seu
880 3793 1107 3873 productivitas.
1170 3811 1174 3817 ·

432 4111 489 4175 llic
513 4120 613 4176 autern
640 4114 729 4177 nobis
755 4116 887 4180 occurrit
911 4117 1016 4198 opinio
1043 4117 1167 4182 illorum
1191 4117 1376 4195 multorum,
1404 4119 1476 4198 qui,

421 4306 457 4369 (l)
474 4306 512 4364 Cl.
524 4308 707 4376 Lrnnnaronn
719 4326 761 4378 op.
774 4327 808 4377 c„
823 4326 850 4378 l)-
863 4311 905 4368 el.
1020 4278 1026 4287 ⁴
