3242 4959
435 491 496 556 110
801 508 874 554 nans
888 504 1010 550 aarum.
1026 504 1106 550 sacr.
1123 504 1156 549 3.

475 671 572 746 Unde,
599 670 638 734 ad
663 669 859 734 confusiones
879 668 1031 742 vitandas,
1056 684 1120 732 rem
1141 669 1227 734 illam
1250 670 1509 737 consideramusa

433 769 535 834 labore
557 769 751 843 abstractam,
773 785 808 832 33
830 767 1015 848 inquirimus
1035 783 1185 847 quaenam
1205 785 1266 845 res,
1281 770 1366 848 juxta
1381 776 1509 832 naturam

433 868 569 949 ipsarum
584 868 794 942 intrinsecam,
811 867 883 930 buin
897 866 1015 931 notioni
1029 867 1092 930 sint
1104 868 1333 948 supponendae.

474 1064 534 1129 Sed
561 1063 612 1127 bic
641 1064 760 1128 obviam
789 1063 940 1127 babemus
972 1063 1200 1128 celeberrimam
1234 1081 1316 1129 nnnc
1344 1065 1378 1128 in
1407 1065 1508 1129 sobolis

432 1163 630 1227 oeconomicis
641 1170 671 1225 31
682 1163 815 1225 maxime
826 1162 971 1242 agitatam
983 1164 1193 1242 quaestionem
1206 1162 1243 1226 de
1258 1163 1391 1244 genuina
1404 1164 1511 1227 ratione

431 1271 461 1326 et
474 1272 580 1325 331333
591 1262 706 1324 nebris
716 1271 746 1325 et
757 1262 915 1324 utilitatis.
931 1265 1047 1327 Revera
1058 1264 1196 1342 quaestio
1208 1264 1262 1327 illa
1274 1264 1349 1328 adeo
1361 1264 1507 1328 scientiam

432 1362 649 1425 acanomicam
676 1361 824 1441 pervadit,
848 1369 913 1424 tum
939 1363 1039 1442 quoad
1063 1363 1294 1443 productionem
1318 1380 1431 1439 rerum,
1453 1371 1510 1426 tum

433 1460 531 1540 quoad
554 1475 658 1522 earum
681 1460 938 1536 distributionem,
960 1470 993 1524 ut
1011 1461 1127 1526 dietum
1148 1463 1182 1525 P.
1202 1463 1333 1526 Autome
1353 1478 1456 1525 verum
1475 1462 1508 1523 sit
1580 1450 1581 1463 ¹

435 1575 522 1638 «333
539 1558 568 1621 13
584 1557 698 1621 tbborie
714 1557 750 1620 de
768 1558 796 1620 la
812 1559 916 1621 331333
929 1567 976 1622 331
991 1560 1019 1623 13
1034 1559 1150 1640 drogon
1165 1561 1218 1640 qui
1233 1558 1461 1640 gardel'entrte
1477 1559 1513 1629 dt.

432 1657 461 1720 la
477 1655 596 1720 scienta
612 1655 838 1734 economique»
858 1659 904 1734 (a).
922 1658 1007 1720 blens
1021 1673 1083 1721 non
1099 1667 1282 1721 3313333333
1298 1658 1383 1721 illam
1399 1657 1513 1738 penitus

431 1756 481 1818 bic
496 1753 708 1830 examinandi;
726 1754 778 1816 sed
801 1771 857 1817 neo
877 1771 1043 1835 possumus
1064 1758 1124 1820 alto
1145 1757 1269 1822 31133113
1290 1757 1363 1820 13113
1385 1765 1507 1836 praetcr-

431 1854 529 1935 gredi,
553 1854 664 1932 quibus
686 1853 1121 1935 133133333131333133131333
1140 1872 1210 1920 mox
1229 1856 1445 1936 applicandum
1466 1855 1508 1917 ni-

432 1961 523 2016 tatur.
538 1952 623 2026 Quod
640 1952 825 2032 principium
844 1953 1038 2015 enuntiamus
1058 1953 1100 2016 ita
1120 1971 1128 2016 :
1149 1971 1248 2030 amne,
1267 1954 1349 2034 qaod
1366 1955 1511 2017 contiueat

432 2051 570 2131 aliquam
584 2068 687 2113 ueram
702 2056 732 2112 ct
744 2050 921 2130 adjectivum
936 2051 1102 2114 utilitatem
1117 2051 1197 2114 illud
1209 2053 1305 2116 313331
1319 2073 1354 2118 33
1369 2069 1508 2118 1333333-

433 2149 530 2213 tiueue
549 2167 655 2212 333331
676 2148 810 2211 pataram
832 2149 1086 2212 commutabilem.
1110 2149 1197 2223 Quod
1218 2159 1368 2214 assertum
1389 2150 1514 2215 breviter

431 2248 598 2328 explicetur
611 2264 647 2310 33
661 2249 868 2310 confirmetur.

475 2349 504 2410 1ο
521 2370 535 2403 «
550 2348 606 2410 Cas
617 2346 694 2409 deux
707 2347 902 2425 expressions
914 2347 1027 2422 (331333
1038 2346 1504 2426 (133333-331333(1131333331,

430 2447 471 2510 ita
488 2448 525 2511 H.
544 2446 737 2522 8333113313),
756 2454 826 2508 3331
841 2445 958 2508 entre'es
974 2446 1051 2508 dans
1067 2446 1110 2508 les
1125 2445 1216 2509 ecrits
1232 2446 1285 2509 des
1299 2445 1505 2520 iconomistes;

431 2561 470 2608 on
485 2562 503 2624 y
519 2545 554 2606 lit
574 2543 799 2624 gendralcment
821 2561 879 2623 qne
903 2544 931 2606 la
955 2544 1058 2606 331333
1078 2543 1256 2623 d’bebange,
1274 2561 1312 2608 33
1333 2545 1440 2607 oalcur
1453 2550 1509 2607 tant

430 2655 526 2713 33331.
544 2643 617 2707 c'ast
632 2643 697 2706 leur
711 2644 839 2722 pouvoir
853 2643 1080 2722 d'aaqnisition.
1096 2665 1111 2699 ι
1129 2643 1243 2708 Omnes
1258 2645 1338 2707 13133
1353 2661 1385 2707 se
1408 2660 1507 2708 eonve-

430 2743 518 2806 niunt
544 2742 710 2805 utilitatem
734 2742 776 2804 rei
803 2759 869 2804 esse
896 2742 928 2806 in
958 2743 1025 2816 boe,
1054 2741 1135 2821 qnod
1158 2743 1359 2823 aptitudinem
1382 2743 1509 2808 includat
1583 2774 1584 2829 p

430 2841 601 2904 necessitati
618 2841 709 2903 alicui
725 2840 877 2904 humanae
892 2840 1110 2917 satisfaciendi,
1129 2858 1195 2914 333,
1210 2842 1294 2919 juxta
1310 2843 1507 2912 8113333333,
1583 2840 1584 2843 ’

431 2955 494 3002 «33
515 2955 592 3019 3333
614 2950 685 3001 3331
707 2939 745 3002 ad
768 2939 860 3002 113333
881 2940 1087 3015 accomodata,
1110 2941 1199 3004 utilia
1222 2941 1310 3003 dici»
1329 2943 1376 3017 (ap
1395 2938 1507 3011 deinde,

427 3037 624 3100 ualoramrei
646 3054 713 3100 3333
745 3061 759 3094 a
781 3037 810 3100 la
840 3037 991 3117 propriite
1015 3038 1149 3117 qu'aitel
1177 3038 1258 3117 objet
1278 3038 1316 3102 de
1341 3036 1515 3116 s'dcbanger

428 3143 587 3202 33313333
607 3139 721 3201 certain
743 3138 870 3201 nombre
891 3139 1116 3215 (1331333313.
1136 3140 1264 3218 insuper
1282 3154 1390 3201 omnes
1411 3151 1509 3200 conee-

428 3236 504 3300 dunt
519 3238 599 3316 quod
615 3238 682 3317 ipse
698 3239 833 3300 3313111.
851 3239 935 3300 11333
953 3254 960 3300 ;
980 3254 1108 3301 «aucun
1124 3238 1205 3317 objet
1219 3254 1257 3300 ne
1282 3246 1354 3317 peut
1372 3238 1435 3318 3133
1456 3250 1515 3298 333

428 3336 544 3410 331333,
562 3336 610 3398 s'il
627 3338 704 3399 n’est
719 3353 777 3400 une
794 3337 885 3400 chose
900 3337 985 3400 31113.
1004 3337 1055 3400 S’il
1073 3345 1119 3400 est
1133 3336 1253 3412 inutile,
1271 3336 1298 3398 le
1314 3337 1419 3398 1333311
1442 3333 1509 3414 qu’il

428 3433 579 3500 reniermo
594 3447 639 3498 est
655 3435 787 3515 depensa
801 3436 996 3498 inutilement
1011 3445 1041 3498 et
1053 3435 1322 3515 consequemment
1333 3452 1370 3498 ne
1382 3434 1449 3499 crde
1459 3449 1514 3514 pas

428 3533 465 3597 de
482 3535 794 3611 3313333151133333
812 3536 843 3596 in
858 3535 1015 3614 oppositas
1030 3535 1142 3599 abeunt
1154 3536 1228 3610 vias,
1243 3535 1365 3614 quando
1377 3544 1515 3599 naturam

428 3649 463 3697 33
484 3632 682 3696 fundamenta
705 3641 932 3713 perscrutantur
956 3633 1070 3696 valoris
1095 3634 1321 3697 commutabilis
1345 3634 1399 3714 331
1424 3621 1517 3710 311331

460 3839 495 3902 (ll
512 3837 550 3895 cl.
564 3839 692 3902 11333331,
709 3839 792 3894 (itura
803 3839 963 3893 d’c'conomae
973 3841 1080 3902 3331313,
1093 3837 1191 3904 3153.

457 3923 491 3985 111
509 3919 546 3978 Cf.
560 3921 591 3976 Η.
606 3921 751 3984 83333133,
764 3921 807 3974 La
819 3922 921 3976 tbdorie
933 3923 1218 3986 uwderaedueapitat
1229 3927 1255 3975 et
1267 3916 1511 3987 1313311333131.

459 4002 494 4065 (3)
510 4001 547 4058 tl.
561 4003 643 4063 1313,
657 4017 684 4068 3.
699 4001 763 4061 XVI.
777 4017 801 4058 a.
815 4001 840 4068 3,
853 4018 878 4059 3.

458 4084 492 4147 (l)
508 4085 546 4139 lta
559 4085 587 4138 P.
598 4083 848 4147 anaor-Bradanum,
858 4086 955 4139 Prteis
966 4085 1125 4139 d'taauoruie
1136 4088 1243 4149 sociate,
1254 4084 1371 4151 30part.,
1381 4080 1509 4147 313115.

459 4165 493 4230 (5)
510 4167 547 4223 Gi.
557 4167 601 4220 ·Le
616 4168 730 4232 Capitol,
743 4167 788 4223 ob.
802 4169 823 4232 l,
836 4170 848 4231 i
860 4171 882 4234 l,
895 4169 999 4224 131133.
1012 4169 1170 4226 -11333133
1188 4183 1259 4237 3333
1276 4184 1360 4236 supra
1371 4171 1407 4237 tp.
1418 4167 1465 4224 1111
1475 4163 1510 4226 3.)

425 4248 459 4306 de
472 4249 566 4306 labore
578 4249 649 4315 apud
663 4249 824 4307 scolasticos
836 4252 1000 4308 3313313333.
