3242 4959
383 463 445 530 lii
754 482 826 528 rans
841 481 960 528 tarnat.
978 483 1057 528 secr.
1075 483 1097 532 ι,

280 652 287 665 ’
381 645 474 710 rivam
500 647 707 728 operationem
736 647 839 709 valore
868 645 1047 709 accrescit:
1075 645 1187 708 etenim
1218 645 1314 708 virtus
1344 645 1471 721 laboris,

382 735 402 807 a'
414 746 586 826 capitalista
607 755 677 808 ante
697 745 929 825 productionem
945 752 1057 824 empta,
1076 744 1148 808 dum
1170 744 1221 807 hic
1242 753 1271 806 ct
1293 761 1374 808 nunc
1395 745 1472 826 agit,

380 853 506 926 generat
514 852 579 908 tum
588 845 746 924 aequalem
757 844 868 908 salario
879 845 1024 919 valorem,
1036 852 1099 906 tum
1110 844 1223 906 valoris
1236 844 1470 920 incrementum,

378 961 463 1020 cnm,
494 954 564 1026 post
592 961 698 1009 omnes
728 961 878 1025 expensas
907 943 1014 1015 lactas,
1044 944 1224 1023 plerumque
1252 945 1409 1007 residuum
1440 945 1473 1008 in

381 1044 524 1107 manibus
557 1045 748 1124 relinquatur
780 1043 979 1124 capitalistae.
1012 1041 1098 1116 Quod
1132 1043 1215 1105 Marx
1249 1043 1393 1123 graphice
1426 1043 1473 1106 sic

378 1144 506 1222 exponit
533 1161 540 1207 :
569 1145 698 1225 capitale
724 1143 765 1206 ad
786 1142 1021 1224 productionem
1048 1140 1223 1204 adhibitum
1249 1143 1323 1204 C:
1346 1143 1472 1222 capitali

376 1243 530 1305 constanti
547 1244 613 1309 cl
626 1243 749 1322 capitali
765 1241 906 1304 variabili
919 1257 954 1317 v;
973 1241 1104 1319 capitale
1115 1239 1319 1320 productione
1334 1242 1474 1320 effectum

381 1342 413 1403 C'
426 1372 464 1391 =
477 1343 599 1422 capitali
616 1341 793 1405 constantio
807 1343 843 1418 l
858 1341 981 1420 capitali
998 1340 1136 1403 variabili
1153 1340 1206 1403 sed
1222 1351 1310 1404 aucto
1323 1339 1470 1420 (resur).

423 1443 566 1516 Proinde,
594 1443 713 1506 etiamsi
745 1441 960 1505 concederetur
985 1443 1020 1518 (ll
1044 1441 1193 1518 iustitiam
1222 1442 1407 1522 exigerent,
1433 1442 1474 1504 de

382 1555 460 1603 novo
469 1541 570 1604 valore
581 1541 739 1622 producto,
749 1541 932 1604 attribuatur
943 1539 1132 1619 capitalislae
1144 1540 1175 1602 id
1188 1541 1269 1619 qrrod
1281 1541 1474 1620 aequivaleat

381 1654 519 1702 summae
535 1639 674 1720 capitalis
686 1641 854 1703 constantis
865 1647 894 1702 et
905 1639 1062 1702 variabilis
1071 1640 1186 1717 (cl-v),
1196 1640 1287 1701 etiam
1300 1639 1473 1703 conceden-

381 1736 453 1799 dum
480 1747 526 1800 cst
549 1739 679 1801 eandem
702 1738 852 1815 iustitiam
878 1738 1032 1816 requirere
1057 1746 1090 1799 nt
1112 1737 1333 1800 incrementum
1356 1738 1473 1800 valoris

379 1832 447 1912 (Aa)
461 1836 572 1898 virtuli
588 1835 767 1910 loborantis,
785 1853 845 1914 qua
860 1835 1030 1898 formaliter
1050 1835 1089 1897 sit
1108 1844 1296 1915 generatum,
1314 1836 1470 1899 obveniat.

422 1937 487 2010 Quo
504 1936 593 1999 modo
608 1937 785 2000 accuratiori
799 1936 878 1998 idern
893 1935 1091 2014 exprimatur,
1107 1935 1202 2009 labor,
1218 1936 1255 1998 ab
1269 1935 1419 2016 operariis
1430 1936 1472 1999 ob

378 2034 485 2096 salarii
506 2036 818 2114 recompensationem
840 2034 1101 2114 praesumenti.
1121 2035 1204 2096 Marx
1224 2035 1422 2114 distinguitur
1436 2036 1473 2098 in

380 2135 597 2209 necesarium,
621 2137 672 2214 qui
695 2135 848 2197 sufficiens
870 2140 915 2196 est
940 2149 975 2195 ac
1001 2133 1167 2212 requisitus
1191 2143 1224 2197 ut
1249 2134 1334 2196 valor
1355 2135 1471 2196 salario

377 2232 516 2310 aequalis
541 2242 710 2312 generetur,
738 2241 768 2294 et
791 2232 993 2311 superiorem,
1021 2231 1073 2309 qui
1101 2240 1172 2294 trrnc
1195 2231 1302 2310 incipit
1324 2247 1393 2294 cum
1418 2231 1471 2294 bic

379 2331 484 2393 salarii
500 2331 584 2393 valor
597 2331 660 2407 jam
683 2339 787 2411 partus
803 2341 859 2404 est,
878 2330 972 2408 etqui
988 2330 1157 2392 auctarium
1179 2330 1256 2393 illud
1278 2330 1470 2409 capitalistae

378 2430 528 2510 producit.
547 2429 633 2492 Unde
649 2430 686 2492 ab
703 2446 763 2491 una
783 2440 879 2509 parte,
894 2429 980 2507 Juxta
1002 2428 1092 2491 modo
1115 2428 1206 2500 dicta,
1225 2429 1354 2509 capitale
1371 2429 1469 2491 varia-

325 2517 327 2521 *
377 2531 439 2594 bile
455 2548 523 2591 v=-·
534 2530 630 2592 valori
646 2530 766 2592 uirtutis
777 2529 944 2593 laborantis
956 2544 1009 2590 scu
1025 2544 1162 2591 summae
1174 2529 1356 2592 salariorum
1372 2557 1404 2578 =
1420 2528 1466 2591 la·

377 2631 443 2695 bori
460 2632 647 2707 necessari03
665 2631 703 2694 ab
725 2631 820 2694 altera
842 2639 937 2712 parte,
961 2631 1131 2693 auctarium
1152 2631 1262 2693 valoris
1284 2632 1465 2710 productum

376 2759 417 2779 =
434 2728 530 2792 labori
546 2729 706 2810 superiori.

667 2827 835 2890 auctarium
1022 2826 1191 2889 auctarium
1268 2826 1354 2890 labor
1374 2844 1463 2906 supe·

414 2885 500 2948 Unde
512 2885 650 2959 ulterius
665 2917 951 3014 fflffl
966 2911 1005 2930 ²
1020 2915 1194 2996 Μ
1208 2909 1247 2930 “““
1266 2934 1352 2998 labor
1363 2951 1462 2997 neces·

373 3033 492 3187 {lg-3553
510 3076 552 3138 ita
567 3092 639 3154 prae
654 3076 752 3139 oculis
767 3075 891 3155 ponitur
906 3075 1033 3139 auctarii
1046 3075 1205 3153 injustitia.
1222 3084 1251 3136 et
1262 3073 1354 3136 simul
1368 3073 1463 3151 inius-

375 3241 459 3328 titiae
488 3264 601 3344 gradus
629 3279 665 3340 ac
692 3280 888 3343 progressus;
927 3280 995 3328 cum
1032 3264 1114 3327 enim
1150 3216 1318 3377 Ἥ
1357 3271 1464 3344 aequet

374 3395 463 3459 labor
483 3395 622 3475 superior

376 3503 462 3567 labor
483 3502 690 3566 necessarius,
715 3469 749 3515 eo
772 3453 872 3530 majus
894 3453 950 3516 erit
972 3455 1153 3530 auctarium,
1178 3471 1237 3534 qrro
1259 3453 1364 3518 minus
1385 3455 1462 3518 sala·

373 3603 453 3666 mum
469 3601 568 3675 datur,
586 3602 631 3664 vel
648 3602 740 3664 etiam
755 3618 815 3680 quo
835 3601 1003 3682 imponitur
1025 3602 1111 3666 labor
1131 3604 1231 3682 major
1254 3603 1356 3666 labore
1381 3619 1462 3665 «ne-

370 3702 533 3766 cessario»
551 3703 597 3777 (al.

404 3918 441 3980 (l)
458 3917 534 3982 Quod
547 3917 659 3985 cuidem
675 3917 832 3973 nullalenus
852 3932 867 3972 a
884 3917 1030 3974 socialistis
1048 3918 1218 3981 conceditur.
1232 3933 1296 3974 cum
1313 3921 1461 3985 proprieta-

371 4001 428 4056 tem
440 4001 571 4065 privatam
583 3999 680 4055 saltem
698 4013 790 4055 rerum
801 4000 835 4055 ad
849 4001 1057 4066 productionem
1075 4001 1259 4057 adhibitorum
1276 4006 1385 4068 negent.
1399 4003 1462 4058 Pro·

371 4079 467 4136 ductio
483 4081 556 4136 enirn
567 4082 803 4148 «capitalistica»,
818 4087 848 4138 ut
865 4082 969 4146 dicunt,
987 4095 1058 4149 cuae
1076 4082 1225 4138 hodiedum
1243 4083 1325 4148 viget,
1342 4083 1376 4138 ab
1395 4083 1462 4150 ipsis

372 4164 428 4216 non
449 4161 581 4228 rejicitur,
595 4168 731 4228 qnatenus
748 4163 885 4230 significat
903 4178 947 4220 res
967 4163 1081 4229 produci
1102 4171 1261 4230 cooperante
1281 4165 1400 4228 capitali,
1414 4163 1470 4219 sed-

372 4248 508 4311 quatenus
519 4244 634 4310 capitale
647 4248 766 4310 pertinet
777 4245 811 4300 ad
824 4249 943 4311 privator
956 4246 1091 4301 homines.

405 4327 440 4390 (ll
455 4329 494 4382 lta
505 4326 626 4382 scribere
642 4328 733 4392 potuit
751 4329 888 4383 Lassamr
902 4345 908 4383 :
922 4345 938 4376 <‹
947 4328 1014 4384 dans
1027 4328 1051 4382 la
1064 4326 1209 4386 difference
1227 4327 1265 4384 du
1283 4335 1411 4394 quantum
1423 4327 1460 4384 du
