3242 4959
392 469 457 515 cao.
475 469 507 513 n.
525 467 670 514 rmncrrrn
684 466 832 513 seruante
846 467 1044 513 seonasrreae.
1204 449 1261 512 lll

174 631 271 694 calori
282 632 448 696 intrinseco
461 633 611 712 superior,
624 629 813 696 mensurabit
825 631 866 696 ibi
879 647 940 694 non
952 630 1119 695 secundum
1132 631 1265 694 valorem

140 809 146 820 Ι
174 747 266 810 quem
280 731 372 794 babet
391 732 424 794 in
445 732 569 812 propria
591 732 726 811 regione,
743 731 797 794 sed
820 731 986 795 secundum
1008 730 1143 793 valorem
1166 729 1266 808 ipsius

172 831 374 893 intrinsecum
392 848 399 892 :
420 853 433 887 ι
447 840 475 893 et
490 832 548 894 boc
563 831 630 894 sine
644 831 827 897 detrimento
843 848 909 893 esse
924 847 984 892 non
1007 837 1106 909 potest
1120 851 1148 890 a.
1162 829 1263 891 Econ·

172 934 231 1003 tra,
248 930 343 992 altero
360 938 441 993 textu
456 930 638 1010 supponitur
652 930 684 991 in
699 937 827 1009 utraque
842 930 966 1010 regione
981 927 1140 1008 proprium
1155 926 1264 989 haberi

172 1030 327 1092 numisma
344 1047 352 1091 ε
370 1029 396 1091 si
412 1030 566 1092 numisma
581 1029 742 1108 utrobique
757 1028 848 1092 modo
864 1047 899 1091 ex
921 1036 1028 1092 natura
1052 1027 1095 1090 rei
1117 1026 1265 1105 requisito

172 1128 311 1201 cudatur,
335 1145 371 1190 ex
398 1128 616 1190 numismatum
639 1129 875 1191 commutatione
897 1127 1007 1190 nullibi
1035 1128 1148 1189 orietur
1172 1124 1263 1188 detri-

171 1235 321 1290 mentum.
339 1227 398 1290 Sed
418 1228 444 1288 si
468 1228 621 1288 numisma
643 1227 735 1288 unius
757 1227 892 1308 regionis
914 1227 1047 1305 pondere
1071 1223 1266 1288 velrnnallo

172 1326 370 1400 adulteretur,
395 1343 431 1389 eo
456 1326 523 1406 ipso
549 1326 648 1405 quoad
674 1326 802 1388 alteram
828 1326 994 1402 regionem,
1019 1325 1070 1388 ubi
1097 1322 1264 1386 secundum

171 1426 306 1489 valorem
323 1427 523 1488 intrinsecum
538 1426 716 1487 aestimatur
730 1435 759 1487 et
773 1431 974 1504 permutatur,
989 1423 1091 1486 valore
1102 1421 1261 1495 minuitur,

172 1535 202 1588 et
216 1524 378 1587 manifeste
395 1524 482 1586 «boc
496 1523 577 1586 cedit
592 1524 622 1585 in
639 1523 854 1586 detrimentum
872 1523 977 1601 populi
994 1545 1021 1584 r.

213 1624 257 1685 Er
279 1622 391 1702 quibus
414 1622 489 1684 locis
510 1639 548 1683 ne
570 1622 695 1693 inieras,
721 1621 895 1698 negandum
919 1637 985 1683 esse
1008 1627 1157 1683 assertum
1178 1618 1264 1695 juxta

172 1723 254 1802 quod
270 1724 398 1802 pecnnia
421 1739 481 1802 oua
503 1723 630 1801 pecunia
653 1739 670 1784 a
692 1723 724 1784 S.
742 1723 859 1785 Tborna
878 1723 1027 1785 habeatur
1047 1720 1215 1783 formaliter
1230 1729 1264 1781 ut

172 1837 316 1884 mensura
331 1837 522 1887 mensurans
541 1821 680 1899 quamvis
696 1836 757 1882 non
780 1820 845 1898 insa
868 1828 1127 1894 commensurata;
1150 1818 1265 1896 quippe

172 1936 251 2000 quae
273 1920 311 1983 de
334 1920 413 1984 lacto
435 1920 590 1982 multoties
613 1929 815 1981 mensuretur.
834 1921 945 1982 Verum
965 1921 1065 1998 potius
1083 1917 1260 1991 concludas,

169 2019 255 2097 J'uxta
270 2019 466 2097 Aquinatem,
483 2017 645 2097 pecuniam
661 2032 723 2079 non
738 2016 910 2080 habendam
927 2035 993 2080 esse
1008 2018 1065 2080 sub
1081 2017 1266 2080 formalitate

171 2133 333 2181 mensurae
349 2118 409 2179 nisi
425 2117 518 2179 relate
543 2116 580 2178 ad
603 2132 652 2177 res
667 2117 800 2191 venales,
819 2128 848 2178 et
869 2116 991 2195 quidem
1015 2117 1076 2177 nisi
1093 2116 1124 2177 in
1140 2115 1263 2194 regione

171 2218 295 2296 propria
311 2218 361 2292 lt);
385 2214 556 2278 habendam
580 2226 680 2277 autem
704 2231 770 2276 esse
792 2214 849 2276 sub
873 2215 1058 2276 lormalllale
1079 2214 1121 2276 rei
1147 2212 1264 2274 venalis

171 2317 265 2378 relate
279 2314 318 2378 ad
334 2315 427 2377 aliam
443 2315 614 2392 pecuniam,
633 2312 800 2392 etquidem
817 2314 909 2375 relato
931 2313 969 2374 ad
990 2313 1145 2391 regionem
1162 2320 1261 2374 extra-

126 2409 129 2411 ’
171 2429 260 2476 neam
288 2415 335 2490 (el.
352 2415 391 2475 Et
410 2413 452 2474 ita
467 2413 570 2475 omnia
592 2413 623 2474 in
646 2411 784 2474 doctrina
807 2413 942 2490 exposita
964 2411 1041 2474 miro
1069 2410 1159 2473 mollo
1178 2425 1261 2473 com-

172 2520 343 2590 ponuntur;
368 2520 397 2573 et
418 2512 544 2588 insuper
569 2511 610 2572 lta
636 2510 804 2588 explicatur
827 2526 959 2589 quonam
982 2526 1073 2571 sensu
1096 2510 1128 2571 S.
1152 2510 1266 2572 Doctor

173 2609 326 2671 conubium
341 2609 503 2687 intelligat,
521 2609 597 2671 Cum
617 2617 717 2671 autem
736 2610 860 2670 notione
882 2609 994 2672 cambii
1015 2609 1091 2670 alter
1105 2608 1156 2670 hio
1171 2623 1262 2686 pecu-

172 2709 241 2770 niae
256 2716 412 2786 respeetus
430 2708 609 2780 illustretur.
627 2718 655 2768 et
671 2723 740 2769 cum
762 2724 780 2770 a
801 2707 957 2770 modernis
980 2707 1085 2769 multis
1107 2706 1262 2769 cambium

173 2806 321 2885 allegetur
342 2814 487 2883 tanqrram
510 2805 708 2868 contradictio
727 2805 882 2867 doctrinae
903 2805 1080 2867 scolasticae
1101 2815 1190 2883 atque
1209 2821 1262 2868 ex·

173 2904 271 2982 ceptio
292 2902 330 2964 ad
353 2903 500 2965 theoriam
523 2903 560 2965 de
582 2903 727 2982 pecuniae
751 2903 920 2977 sterilitate,
944 2902 1073 2965 breviter
1095 2902 1132 2964 de
1153 2903 1260 2966 eodem

171 3000 254 3077 juxta
270 3009 402 3062 mentem
418 3001 558 3080 angelici
573 3000 777 3078 inquiramus.

214 3097 458 3161 Fundamentum
487 3108 554 3162 esse
583 3099 703 3161 videtur
732 3116 738 3161 :
770 3099 983 3178 «lpecuniaml
1014 3100 1261 3164 numismaticam

205 3314 239 3376 ll)
256 3313 446 3369 distrahimus
464 3329 478 3369 a
496 3329 559 3371 casu
580 3316 766 3381 hypothetico,
787 3331 850 3372 eum
873 3318 948 3383 regio
967 3317 1057 3383 aliona
1076 3331 1131 3372 non
1150 3317 1262 3372 haberet

173 3388 480 3516 numisffimoqgmm'
500 3388 534 3444 de
552 3403 609 3455 ouo
626 3403 690 3444 casn
708 3391 803 3455 agios.
819 3391 945 3454 Thomas,
959 3393 1000 3443 De
1017 3393 1147 3456 reglutina
1164 3393 1261 3456 11111111-

171 3475 245 3525 ium,
282 3503 288 3514 ·
326 3477 371 3524 20·
419 3503 426 3515 ·

204 3544 239 3605 (⁶2)
255 3543 293 3598 Ne
305 3543 368 3599 illae
379 3544 571 3601 distinctiones
581 3546 740 3601 scolasticae
749 3561 803 3612 qua
813 3547 918 3603 otiosae
929 3547 1096 3604 subtilitates
1108 3547 1261 3604 ducantur:

172 3624 269 3680 burum
282 3627 324 3681 vis
335 3629 417 3691 natet.
431 3629 453 3680 si
467 3627 578 3683 eaedem
589 3628 779 3694 terminologia
793 3629 923 3685 moderna
941 3631 1139 3695 exprimantur.
1154 3628 1192 3683 Ad
1205 3641 1264 3684 eas·

172 3707 235 3763 dem
247 3707 321 3762 enim
334 3708 476 3764 reducitur
487 3709 563 3775 quod
574 3725 657 3775 serora
668 3712 704 3776 lo.
720 3709 838 3772 1111118)
849 3711 884 3766 de
895 3712 987 3766 valore
1000 3712 1131 3777 oecunlae
1150 3709 1265 3766 relativo

172 3792 199 3845 et
210 3789 338 3846 absoluto
350 3791 514 3847 notavimus.
533 3792 599 3847 Cum
616 3793 746 3858 pecuniae
757 3793 834 3848 valor
845 3793 878 3849 ad
892 3809 936 3847 rea
948 3793 1128 3848 aestimandas
1138 3791 1264 3848 conside·

173 3876 259 3937 ratur,
272 3888 396 3930 seucum
410 3876 525 3941 oecunia
537 3878 570 3931 ut
581 3890 709 3931 mensura
721 3877 847 3936 babetur.
861 3877 937 3932 valor
948 3879 1077 3930 reludunt
1093 3877 1241 3942 respicitur
1252 3896 1263 3934 a

171 3959 220 4025 oui
230 3963 272 4014 est
285 3958 435 4014 lormaliter
446 3959 522 4014 valor
534 3961 666 4025 oecnniue
677 3975 731 4026 oua
744 3963 876 4026 oecuniae
893 3961 1048 4026 inorooria
1061 3961 1181 4026 regione.
1195 3961 1262 4016 Cum

171 4055 239 4097 vero
257 4041 380 4107 ejusdem
399 4043 530 4107 pecuniae
546 4043 623 4096 valor
640 4042 672 4097 ad
691 4043 770 4097 aliam
790 4045 932 4108 pecuniam
951 4042 1111 4105 attenditur,
1125 4042 1159 4098 de
1170 4043 1265 4099 valore

173 4123 264 4189 agitur
275 4123 393 4176 eluctato
406 4141 415 4176 .-
427 4123 475 4188 oui
494 4119 610 4188 proinde
628 4126 670 4178 est
687 4122 763 4178 valor
781 4123 947 4180 intrinsecus
967 4123 1049 4177 unius
1065 4126 1191 4180 monetae
1207 4137 1262 4179 res·

173 4203 403 4268 neotuadaliam.
1242 4234 1244 4241 ·
