3242 4959
343 491 407 538 cur.
425 492 457 537 u.
475 491 996 542 131331133331111133333133313.
1157 476 1216 542 aot

124 652 265 718 hominis
279 653 430 718 industria
444 662 477 720 ut
493 655 611 720 lucmm
625 656 799 736 producens
814 657 973 722 habeatur.
991 658 1078 733 Quod
1093 658 1217 738 quidem

121 752 243 816 clarius
257 752 383 833 patebit,
400 769 469 818 eum
484 770 555 818 mox
571 754 707 819 laborem
722 762 755 818 ut
770 754 885 820 ioutmn
900 755 1112 836 productivum
1132 773 1217 821 seor-

123 851 190 914 sim
208 850 480 916 considerabimus.
499 853 597 928 Unde,
615 869 684 916 cum
707 855 874 918 certissime
898 872 934 918 eu
956 855 1084 935 pecunia
1105 856 1216 920 lucrari

125 952 239 1031 possit,
263 953 385 1033 quando
404 963 436 1028 31
462 962 612 1035 quatenus
636 955 788 1018 humanae
816 953 984 1019 industriae
1007 955 1123 1032 subsit;
1147 972 1217 1020 cum

120 1058 231 1114 autem
247 1051 366 1115 lucrum
379 1053 438 1118 hoo
448 1070 484 1116 31
497 1053 649 1118 industria
661 1063 760 1118 ortum
773 1054 875 1125 ducat,
889 1062 971 1134 patet
982 1054 1101 1119 nullum
1111 1053 1218 1118 adesse

123 1148 373 1226 fundamentum,
397 1168 451 1216 cur
471 1153 599 1232 pecunia
622 1153 713 1217 rebus
734 1153 932 1234 productivis,
957 1153 1127 1234 dequibus
1150 1153 1218 1217 heic

122 1248 251 1328 agimus
265 1258 294 1313 et
314 1266 392 1329 quas
412 1251 515 1315 stricte
537 1250 667 1330 capitale
690 1251 833 1326 dicimus,
857 1260 1084 1315 annumeretur.
1102 1252 1219 1325 Quibus

122 1356 161 1409 ut
187 1347 259 1410 addi
283 1358 396 1428 posset,
421 1350 623 1430 requireretur
645 1348 769 1428 quoidam
792 1357 975 1424 contractus,
993 1365 1053 1428 quo
1075 1349 1215 1430 pecunia,

122 1445 270 1523 quamvis
285 1463 347 1510 non
362 1447 522 1526 coniuncta
534 1447 703 1510 industriae
717 1464 735 1512 3
751 1447 951 1527 proprietario
967 1448 1034 1528 ipso
1046 1447 1092 1510 vel
1108 1448 1218 1510 saltem

124 1545 253 1608 nomine
274 1545 372 1625 ipsius
398 1547 572 1626 praestitae,
597 1547 713 1625 aliquid
739 1555 841 1609 tamen
863 1545 951 1621 lucri,
975 1547 1065 1610 sicuti
1088 1545 1218 1625 capitale

122 1642 326 1723 descriptum,
350 1644 452 1708 ferret.
469 1646 574 1725 Atqui,
598 1662 635 1708 ex
656 1660 749 1725 supra
770 1645 907 1724 exposita
929 1645 1075 1724 pecuniae
1095 1645 1218 1708 notione

119 1749 247 1805 constat
266 1743 426 1823 pecuniam
450 1760 509 1823 qua
532 1745 634 1818 talem,
650 1735 735 1822 Juxta
756 1760 846 1807 usum
868 1744 999 1806 activum
1021 1743 1214 1824 primarium,

125 1839 168 1902 ad
190 1855 280 1919 quem
296 1841 335 1904 ab
349 1841 527 1906 homiuibus
541 1842 663 1904 iuventa
677 1851 734 1911 est,
751 1850 881 1916 constat,
899 1842 1037 1922 inquam,
1055 1843 1217 1923 pecuniam

123 1953 189 2016 qua
214 1940 754 2011 commutationum*instrumentum,
776 1940 855 2004 nulli
881 1941 1048 2003 contractui
1075 1957 1214 2016 onerose,

126 2034 233 2098 labora
259 2053 294 2098 ex
317 2038 476 2119 hypothesi
501 2039 645 2119 seposito,
672 2039 763 2118 objici
785 2055 876 2120 posse
905 2057 911 2102 ε
936 2042 1047 2103 etenim
1069 2057 1143 2104 usus
1164 2040 1217 2103 illo

121 2135 269 2199 consistit
290 2137 322 2198 in
345 2138 437 2201 rebus
452 2138 676 2212 mensurandis
694 2148 723 2202 et
743 2139 866 2218 quidem
887 2138 928 2200 ila
950 2139 1165 2202 mensurandis
1184 2147 1217 2201 ut

127 2248 184 2313 pro
207 2234 298 2298 rebus
319 2235 388 2316 ipso
405 2235 541 2316 pecunia
563 2236 755 2312 concedatur,
780 2253 836 2299 nec
861 2237 989 2316 proinde
1014 2244 1060 2298 est
1085 2236 1214 2315 aliquid,

124 2341 247 2412 praeter
268 2334 414 2414 pecuniae
440 2335 654 2410 substantiam,
678 2335 795 2398 homini
816 2334 1018 2409 aestimabile,
1042 2350 1095 2397 seu
1118 2334 1215 2413 pretio

126 2433 293 2496 vendibile.
312 2436 348 2509 Et
368 2435 410 2498 ita
424 2435 532 2498 intima
552 2435 734 2515 perspicitur
753 2435 830 2498 ratio
851 2435 1040 2498 celeberrimi
1055 2434 1216 2498 axiomatis

121 2531 282 2595 scolastici
301 2556 308 2594 ε
325 2549 420 2598 33313
435 2557 449 2590 a
464 2534 512 2597 bis
527 2533 616 2598 vendi
632 2534 713 2596 idem
728 2557 756 2608 a,
774 2550 882 2613 nempe
905 2533 1107 2596 substantiam
1126 2549 1215 2612 pecu·

126 2630 210 2705 niae,
227 2630 424 2711 eiusdemque
440 2648 541 2695 usum.
562 2633 650 2696 «Der
664 2634 761 2695 Nator
776 2632 829 2694 des
845 2632 966 2707 Geldes,
984 2633 1025 2694 ita
1041 2631 1215 2695 deuotione

122 2728 257 2793 scholae
278 2731 398 2810 3313313
414 2731 519 2794 scribit
540 2732 574 2794 P.
594 2733 779 2794 Brroanmcn
795 2732 839 2806 (1),
864 2730 910 2793 313
934 2731 1018 2794 31331
1040 2730 1134 2793 durch
1156 2729 1215 2792 den

126 2829 379 2908 naturgemiissen
406 2831 563 2894 Gehrauch
593 2829 731 2910 zugleich
761 2829 981 2892 verbrauchten
1009 2830 1117 2903 Sacbe,
1148 2829 1216 2890 thut

124 2926 238 2989 heiuen
249 2928 386 3006 11131133,
396 2927 468 2991 dass
476 2944 547 2990 man
561 2927 637 2991 uach
650 2927 766 2989 seinem
778 2925 965 3000 Gebrauche,
979 2926 1049 2989 dem
1062 2925 1210 3001 Tausche,

126 3027 178 3092 ein
193 3027 322 3091 anderes
337 3029 406 3101 dut,
420 3027 469 3090 die
481 3028 706 3108 eingetauschte
723 3027 831 3102 Sache,
849 3027 967 3090 besitzt.
985 3029 1054 3090 blan
1069 3028 1215 3089 verkennt

122 3125 277 3190 demuach
293 3143 370 3207 3333
393 3126 442 3189 die
463 3128 558 3190 Natur
580 3127 633 3190 des
652 3126 773 3200 GeldeS,
790 3142 880 3188 weun
894 3142 966 3189 man
981 3127 1045 3188 ihm
1060 3126 1119 3189 den
1135 3125 1213 3188 Cha·

127 3226 228 3288 rakter
248 3225 332 3288 einer
355 3226 617 3290 verbrauchharen
639 3226 734 3288 Sacbe
755 3225 960 3288 abschwhcht.
984 3226 1024 3288 Es
1045 3224 1115 3286 hilft
1136 3223 1214 3288 auch

123 3338 182 3401 ,331
198 3323 310 3398 nicias,
327 3340 416 3387 wenn
431 3340 503 3386 man
519 3331 596 3403 3331,
614 3324 692 3386 33311
708 3323 777 3386 dcrn
793 3323 969 3386 Gebraucbe
984 3323 1213 3386 3131131131-

127 3428 266 3502 wertuug
286 3422 342 3486 des
363 3423 484 3493 Geldes
509 3423 579 3486 dem
603 3423 793 3487 Austausehe
817 3422 977 3486 desselben
1001 3438 1098 3502 33333
1124 3421 1213 3484 31333

128 3521 261 3583 anderen
288 3521 492 3600 Gege'ustand,
520 3522 632 3585 besitze
656 3537 728 3583 nran
753 3519 921 3600 allerdings
945 3520 1031 3584 nicht
1051 3520 1138 3582 mehr
1157 3517 1213 3581 das

20 3619 22 3624 '
125 3619 204 3683 Geld
219 3620 293 3685 aber
307 3618 385 3684 doch
400 3621 490 3684 einen
505 3619 968 3701 31313113331333(1333331331,
983 3619 1048 3682 also
1058 3618 1118 3681 den
1128 3618 1213 3678 Wert

125 3715 181 3781 des
203 3719 349 3782 Geldes...
369 3719 440 3782 blan
454 3718 575 3783 verllert
590 3719 736 3793 naimlicb,
754 3735 844 3781 wenn
865 3735 936 3780 man
956 3717 1061 3780 diesen
1075 3713 1216 3779 Einwuri

128 3817 295 3898 uorhringt,
319 3818 379 3881 den
399 3819 604 3899 eigeutllchen
625 3819 818 3900 Fragepuukt
838 3834 914 3898 3333
934 3833 990 3880 333
1010 3816 1069 3879 deu
1090 3817 1209 3896 Augen.

128 3915 168 3980 lds
183 3916 264 3998 11331
282 3917 348 3982 sich
370 3917 504 3982 nhmlich
525 3918 619 3993 nicht,
636 3934 700 3980 was
721 3917 775 3980 der
796 3917 883 3980 Wert
903 3915 957 3980 des
977 3914 1088 3980 Geldes
1111 3914 1212 3978 331331

126 4015 222 4079 Natur
245 4017 322 4080 nach
337 4017 388 4094 ist,
409 4016 543 4080 sondern
556 4033 620 4080 was
639 4016 693 4079 das
709 4015 783 4080 Geld
800 4015 896 4080 selbst
910 4014 1010 4078 seiner
1024 4015 1120 4078 Natur
1134 4014 1212 4078 nach

158 4247 194 4311 (ll
211 4245 249 4303 Gi.
261 4261 304 4313 op.
317 4262 351 4312 e,
364 4262 390 4314 p.
405 4247 446 4304 ta.
512 4287 516 4294 .
