3242 4959
353 461 418 506 car.
436 459 468 506 11.
486 461 631 508 ramerum
646 461 792 508 scrmrmu
807 461 1006 528 soounsrrcaa.
1164 445 1237 528 2073

124 623 244 704 prioris
270 624 400 688 multum
426 623 595 702 adjuvetur,
619 624 836 706 inquirendum
861 634 999 689 remanet
1019 643 1152 708 quanam
1174 643 1222 691 ra·

128 722 228 806 tione,
246 737 416 800 quanamve
439 738 582 786 mensura
604 722 689 784 labor
702 721 858 786 humanus
873 722 1032 788 loecundus
1048 725 1195 790 habeatur
1211 742 1219 788 ε

126 819 205 884 inde
219 820 356 882 vicissim
372 820 486 899 patebit
501 855 541 864 —
557 820 637 899 quod
654 819 776 900 quidem
797 821 866 885 heic
887 821 1074 886 intendimus
1088 858 1128 868 —
1144 840 1220 904 qua·

126 935 203 988 nam
230 919 346 982 ratione
366 919 511 1000 pecunie,
538 917 634 982 labori
656 920 817 998 coniuncta
839 920 967 1000 ipsoque
991 921 1139 997 adhibita,
1163 923 1236 1001 ali-2

127 1017 254 1102 quando
280 1016 422 1081 foecunda
448 1016 582 1090 dicatum
607 1017 722 1098 patebit
747 1035 857 1099 nempe
883 1021 1043 1099 pecuniam
1069 1037 1126 1084 uec
1151 1029 1224 1085 luno

124 1124 240 1179 natura
256 1133 311 1200 sna
325 1117 481 1196 hueusque
497 1116 623 1196 probata
638 1117 719 1189 exui,
734 1133 789 1179 nec
799 1117 863 1179 illis
880 1118 912 1180 in
924 1119 1132 1182 contractibus
1144 1120 1220 1196 lieri,

126 1215 166 1276 in
188 1232 278 1278 sensu
302 1214 461 1288 hodierno,
480 1215 608 1296 capitale
634 1231 738 1278 rerum
754 1233 789 1279 ac
810 1217 903 1280 reale.
925 1219 970 1280 Ex
996 1218 1121 1282 indiciis
1144 1235 1222 1298 quae

130 1313 303 1393 frequentia
323 1313 413 1376 nobis
433 1314 589 1392 hucusque
612 1322 817 1390 occurrerunt,
834 1315 967 1395 aliquale
987 1316 1050 1393 J'am
1070 1316 1220 1399 judicium

125 1412 170 1475 de
192 1412 360 1475 industriae
385 1412 615 1491 productlvitate
641 1412 719 1476 ferre
744 1413 825 1478 lieet.
854 1415 971 1488 Quibus
995 1416 1064 1478 11616
1089 1417 1220 1499 breviter

130 1511 312 1587 recollectis,
330 1511 391 1574 alia
410 1515 558 1591 quaedam
575 1512 807 1592 conjungantur.
827 1514 983 1593 Imprimis
1002 1523 1123 1578 notetur
1138 1515 1220 1580 labo·

128 1625 197 1671 rem
212 1609 358 1689 applicari
375 1625 465 1688 posse
479 1609 543 1673 sive
558 1611 602 1673 rei
618 1628 654 1674 ex
673 1628 706 1674 se
725 1611 829 1691 aliquo
854 1611 944 1675 modo
967 1611 1138 1688 foecundae,
1156 1614 1221 1679 sive

130 1707 177 1770 rei
193 1723 228 1770 ex
248 1725 280 1770 se
302 1708 398 1770 sterili
416 1725 424 1771 :
442 1717 568 1787 utraque
589 1720 690 1772 tamen
710 1710 743 1772 in
763 1710 934 1788 hypothesi,
953 1711 1088 1775 valorem
1108 1712 1231 1776 laboris·

121 1805 216 1884 juxta
230 1805 335 1868 eadem
356 1806 506 1888 principia
527 1824 593 1870 esse
609 1807 856 1885 dijudicandum
874 1845 914 1853 —
930 1810 1065 1890 insuper,
1084 1810 1219 1874 laborem

132 1921 225 1984 posse
240 1905 376 1968 adhiberi
393 1923 410 1968 a
426 1906 581 1970 laborante
597 1907 655 1970 sibi
671 1917 700 1970 et.
715 1909 838 1971 nomine
860 1910 995 1990 proprio,
1014 1911 1059 1973 vel
1078 1911 1171 1974 locari
1192 1920 1221 1975 et

125 2003 171 2068 ab
187 2005 281 2068 altero
296 2005 424 2069 conduci
442 2023 449 2069 :
468 2007 498 2068 in
515 2016 642 2086 utroque
657 2024 729 2071 casu
751 2007 865 2072 laboris
886 2011 1021 2074 valorem
1043 2011 1131 2074 aliter
1153 2028 1219 2074 esse.
1232 2077 1244 2087 ¹,

125 2103 363 2168 dimetiendum.

175 2203 214 2265 Ut
226 2203 312 2265 labor
322 2203 475 2266 humanus
485 2205 581 2284 pretio
591 2205 629 2266 sit
640 2205 853 2281 aestimabilis,
863 2207 1028 2285 requiritur
1041 2216 1072 2270 ut
1084 2207 1219 2286 aliquam

128 2301 295 2364 utilitatem
317 2302 548 2382 appretiabilem
565 2303 627 2366 sire
643 2304 786 2368 omnibus
802 2306 865 2368 sive
881 2305 973 2368 alicui
989 2305 1113 2368 tribuat.
1131 2305 1219 2369 blodo

128 2400 175 2462 sit
198 2400 279 2472 talis,
305 2401 391 2463 labor
414 2403 582 2480 generatim
604 2404 881 2466 remunerationem
905 2412 1038 2467 meretur
1062 2407 1108 2481 ll).
1132 2405 1220 2467 Juxta

125 2514 226 2577 quam
246 2499 394 2578 regulam,
417 2499 564 2578 quaedam
588 2499 755 2564 industriae
777 2519 794 2564 a
816 2501 983 2565 scolasticis
999 2511 1100 2582 aperte
1115 2518 1219 2581 repro·

131 2598 254 2660 bantur.
282 2598 370 2659 «Der
392 2597 424 2659 in
446 2598 581 2677 spaterer
602 2599 665 2661 Zelt
689 2601 747 2662 viel
774 2601 979 2680 besprochene
1005 2601 1217 2676 Unlersohied‚

130 2697 177 2758 ita
192 2695 299 2758 scribit
314 2697 349 2757 b.
365 2696 462 2767 Funk,
477 2698 511 2772 (a)
528 2696 680 2759 1111161161
695 2697 890 2777 produltiver
905 2699 967 2762 und
982 2699 1220 2779 unprodnltirer

131 2794 239 2858 Arbeit
261 2794 300 2855 ist
321 2793 456 2857 insolern
479 2794 510 2855 in
533 2811 658 2857 unseror
678 2795 804 2858 Perinde
824 2797 1010 2871 unbekannt,
1028 2798 1074 2859 als
1089 2814 1121 2858 er
1136 2797 1221 2860 nieht

131 2894 191 2957 mit
206 2894 383 2957 demselhen
395 2895 521 2956 Worten
535 2895 599 2957 ldar
616 2895 676 2957 und
692 2895 849 2958 bestimmt
859 2896 1060 2976 ausgedriickt
1072 2898 1122 2960 ist.
1137 2898 1220 2961 lloch

132 2990 234 3054 dirrlte
250 3007 283 3055 er
298 2992 409 3054 bereits
424 2991 645 3072 durohkliugen
660 2993 691 3053 in
708 2993 761 3055 der
776 2994 1040 3074 Uuterscheidung
1059 2994 1220 3058 hntomn’s

127 3091 286 3152 zwlschen
300 3090 507 3170 notwendiger
523 3091 585 3153 und
601 3090 821 3153 uundrz-eitler
834 3091 950 3168 Arbeit‚
968 3093 1119 3156 zwischen
1140 3101 1220 3155 artes

131 3189 613 3263 1666111111611116116116166,
631 3189 729 3252 wobei
746 3198 834 3252 unter
849 3191 907 3253 den
927 3191 1068 3254 letrteren
1091 3193 1139 3255 die
1161 3192 1220 3254 den

131 3287 256 3351 blossen
280 3291 382 3352 Luxus
403 3289 512 3352 dienen
534 3289 591 3351 den
615 3290 868 3370 Erwerbszueige
890 3291 1069 3372 lnbegrilien
1084 3293 1219 3368 werden,

128 3387 279 3450 ndhrend
295 3387 431 3468 dagegen
446 3397 535 3450 unter
550 3387 608 3450 den
624 3399 758 3452 ersteren
774 3389 833 3452 alle
848 3390 994 3453 Arbelten
1011 3409 1048 3453 ru
1062 3393 1221 3454 verstehen

130 3485 215 3560 sind,
244 3487 293 3550 die
318 3486 367 3549 die
398 3486 615 3566 Belriedigung
643 3487 727 3549 eines
757 3487 966 3552 ordentlichen
994 3490 1223 3554 menschllchen

132 3585 346 3648 Bed'drlnisses
366 3585 486 3660 dienen,
505 3587 570 3648 also
592 3587 779 3650 namentlich
800 3587 850 3649 dle
872 3587 925 3649 des
946 3588 1136 3651 Acherbaues
1160 3589 1222 3651 und

127 3683 187 3746 des
203 3685 374 3760 6611611161,
394 3686 424 3746 in
445 3685 698 3748 beschrdnkteren
721 3685 872 3766 Umlange
893 3687 971 3749 auch
993 3686 1041 3749 die
1063 3687 1116 3749 des
1138 3687 1231 3748 llan-'

166 3962 201 4028 ll)
219 3962 256 4020 df.
270 3965 431 4029 praesertim
443 3966 566 4026 laussnu,
582 3965 737 4018 Gescbr'chte
749 3967 795 4018 des
810 3965 952 4017 deutschen
970 3965 1072 4028 Votltes,
1085 3965 1106 4027 1,
1119 3979 1147 4030 p.
1160 3964 1220 4020 lel-

129 4043 197 4110 llo
222 4046 298 4109 item,
322 4046 479 4112 1111111111,
505 4047 717 4111 Gruodsdtze...‚
746 4046 862 4112 passim3
886 4048 1037 4111 Statum...
1061 4048 1097 4111 11,
1122 4062 1149 4112 l)-
1174 4047 1223 4112 43,-

136 4128 257 4190 Baaurs
269 4143 310 4192 op.
324 4141 357 4192 6.,
371 4141 398 4193 p.
412 4127 497 4192 1911,
508 4127 568 4189 103,
582 4132 633 4184 616.

170 4211 205 4274 (ll
222 4209 259 4266 cl.
273 4210 406 4264 Zeitselrr.
418 4208 465 4274 fiir
476 4213 518 4264 die
529 4216 674 4278 qesnrnrnte
686 4210 968 4276 Sloolswo'sscnscbnlt,
981 4209 1056 4275 1869,
1069 4226 1096 4277 p.
1107 4211 1153 4266 tlt
1166 4225 1188 4266 a.
