3242 4959
344 477 408 522 cao.
427 478 448 522 t.
466 478 609 555 unissima
623 478 770 524 strennum
785 478 989 525 oeconomum.
1151 461 1219 554 ¹¹71

119 639 218 702 tuitur
233 638 291 700 tria
306 637 345 701 ad
360 655 410 702 res
425 639 638 719 producendas
654 656 844 715 concurrere,
863 657 972 721 nempe
987 649 1110 712 terram,
1122 640 1210 720 ‚ubo-

120 756 188 804 rem
202 740 372 804 humanum
386 756 423 804 ac
438 740 532 812 aliud.
550 741 632 821 quod
647 741 777 822 capitale
786 741 973 804 nominatur.
987 742 1069 814 Quae
1081 741 1208 818 theoria,

85 838 87 841 ’
120 841 257 920 primurn
277 858 294 902 a
309 841 336 903 J.
352 841 386 903 Β.
401 841 460 920 Say
474 840 641 921 proposita,
657 857 675 902 a
690 840 828 916 caeteris,
846 841 878 903 in
894 840 999 904 eodem
1015 841 1086 903 licet
1100 839 1210 922 lunda·

121 947 226 1002 mento
252 938 344 1010 nixis.
369 938 568 1020 distinguitur
593 938 731 1018 eoquod
757 940 817 1019 ipsi
843 939 979 1020 capitali,
1004 939 1035 1003 id
1056 946 1102 1002 cst
1123 937 1210 1000 tertio

121 1037 274 1100 elemento
289 1036 478 1117 productim,
489 1038 650 1122 formalem
665 1043 695 1101 et
708 1056 810 1101 veram
827 1039 972 1101 virtutem
988 1036 1210 1117 secundantem

120 1136 224 1199 inesse
239 1136 402 1200 contendat
416 1138 461 1214 (r).
859 1203 861 1208 ,
1205 1191 1207 1200 .

164 1235 198 1314 a)
220 1234 307 1308 Quod
322 1243 483 1309 assertum,
501 1235 641 1315 quamvis
655 1235 693 1298 ab
712 1235 783 1298 aliis
804 1234 866 1298 alio
889 1235 978 1299 modo
1000 1245 1169 1316 exponatur
1182 1243 1211 1298 ot

121 1332 315 1406 defendatur,
342 1351 360 1396 a
385 1333 540 1414 plerisque
565 1335 702 1414 patronis
730 1336 772 1397 ita
804 1335 986 1416 intelligitur
1014 1352 1021 1396 :
1049 1344 1211 1414 postquam

121 1430 282 1511 productio
298 1432 401 1494 edecta
422 1438 479 1506 est,
497 1432 545 1494 cui
561 1441 778 1496 concurrerunt
793 1433 879 1496 labor
893 1434 1056 1501 humanus,
1075 1441 1164 1498 terra.
1181 1438 1211 1494 et

121 1530 265 1609 capitale,
288 1530 314 1592 si
343 1531 427 1593 valor
449 1532 614 1610 productus
636 1531 830 1610 distribuitur
847 1549 907 1612 pro
930 1538 1000 1595 rata
1020 1531 1135 1593 valoris
1156 1530 1211 1614 qni

121 1629 205 1691 inest
225 1628 392 1692 industriae
416 1631 578 1707 humanae,
604 1641 741 1706 naturae,
764 1640 794 1694 et
815 1631 949 1710 capitali,
978 1637 1114 1693 remanet
1138 1645 1210 1710 pars

120 1728 237 1790 valoris
258 1728 395 1807 producti
419 1745 495 1808 quae
518 1730 595 1792 nulli
619 1730 712 1792 valori
735 1730 900 1794 intrinseco
922 1746 956 1793 ex
970 1730 1018 1792 his
1033 1729 1131 1792 tribus
1146 1744 1210 1790 res-
1265 1797 1267 1805 ,

121 1825 248 1907 pondet.
266 1828 356 1906 Atqui
373 1844 445 1908 pars
459 1829 534 1892 haec
548 1830 676 1909 reliqua,
691 1847 744 1893 seu
759 1830 940 1904 auctarium,
957 1829 1079 1910 capitali
1096 1836 1141 1891 est
1156 1827 1210 1890 tri-

120 1927 256 2000 luenda,
266 1928 341 2007 poia
353 1927 390 1989 ad
401 1927 504 1990 eodem
514 1935 659 2008 perorato
671 1936 725 1992 cst.
736 1930 894 2003 Quomodo
903 1939 1003 1991 autem
1015 1937 1132 1992 constat
1144 1943 1212 2007 par-

120 2033 185 2088 tem
198 2026 277 2088 hanc
290 2042 343 2105 per
354 2026 494 2106 capitale,
508 2036 538 2089 et
549 2043 610 2091 non
623 2043 677 2106 per
689 2035 828 2090 naturam
841 2044 896 2090 nec
908 2027 1090 2089 industriam
1101 2026 1211 2088 huma·

121 2139 195 2186 nam
208 2125 365 2204 generari?
380 2127 573 2205 Experientia
586 2134 715 2200 constat,
728 2143 787 2207 qua
797 2127 942 2191 doccmur
952 2127 1120 2190 auctarium
1133 2126 1210 2189 illud

122 2223 263 2298 existere,
282 2235 353 2287 tunc
372 2224 471 2287 solum
495 2241 565 2287 curn
587 2225 718 2306 capitale
732 2226 770 2289 ad
793 2225 1022 2305 productionem
1044 2223 1207 2288 concurrit.

121 2321 323 2383 intrinsecam
339 2331 440 2384 autem
452 2323 612 2393 rationem.
627 2332 745 2403 praeter
756 2325 984 2404 experientiam,
999 2323 1135 2403 plerique
1148 2337 1210 2385 non

121 2418 298 2498 inquirunt;
316 2419 377 2482 imo
393 2420 419 2483 si
440 2421 573 2501 penitius
588 2422 662 2500 quid
684 2423 937 2502 investigaremus
958 2421 995 2484 de
1017 2421 1133 2483 ratione
1149 2434 1209 2498 qua

121 2533 244 2597 semper
256 2521 425 2583 auctarium
437 2521 560 2600 capitali
576 2521 727 2587 obveniat.
741 2521 963 2584 offenderemus
974 2520 1046 2584 huic
1061 2520 1206 2582 ultimae:
1221 2557 1222 2562 κ

121 2620 291 2683 auctarium
307 2619 375 2682 ideo
391 2620 514 2701 capitali
529 2636 649 2700 semper
664 2621 891 2684 attribuendum
913 2637 989 2694 esse,
1007 2620 1078 2699 quia
1094 2619 1208 2698 capita·

121 2721 195 2783 lista
210 2720 287 2783 illud
303 2720 407 2800 exigit,
424 2737 480 2784 nec
494 2737 582 2784 secus
597 2721 726 2801 capitale
742 2721 864 2784 credere
878 2721 967 2783 uellet
982 2723 1028 2796 (a).
1039 2753 1079 2764 -
1092 2720 1206 2798 ltaque,
1221 2771 1224 2778 .

122 2818 205 2898 quod
221 2827 325 2881 notatu
341 2819 480 2899 dignum,
498 2829 628 2896 systema
650 2819 738 2894 illud,
755 2827 839 2882 tanta
857 2819 1022 2882 scientifica
1043 2817 1209 2880 ambitione

120 2925 329 2999 praetensum,
347 2933 415 2981 cum
432 2918 650 2981 rudimentario
670 2917 815 2981 coincidit
839 2927 999 2996 systemate
1014 2933 1032 2978 a
1046 2917 1160 2996 Turgot
1180 2922 1210 2978 et

121 3020 160 3082 Α.
184 3018 284 3081 Smith
306 3020 461 3098 proposito
477 3020 523 3095 (a).
549 3020 612 3082 lmo
634 3019 700 3097 ipsa
726 3018 852 3081 auctarii
878 3017 1037 3080 existentia
1063 3015 1094 3078 in
1117 3031 1211 3078 causa

121 3134 190 3181 esse
207 3117 339 3195 videtur;
363 3119 475 3182 etenim
495 3119 660 3182 ultimatim
682 3118 840 3182 haeredit
862 3106 1061 3182 scientificum
1084 3115 1209 3178 illorum

121 3217 316 3280 ratiocinium
346 3235 353 3280 :
380 3225 413 3281 ut
438 3219 581 3282 dominus
609 3218 738 3297 capitale
763 3217 800 3280 ad
830 3215 1059 3298 producendum
1077 3213 1208 3296 ¹credere

121 3316 207 3389 velit,
224 3317 394 3378 arietarium
411 3316 597 3397 productum
611 3317 677 3396 ⁴ipsi
701 3323 747 3379 est
767 3315 977 3391 trilruendum;
995 3330 1073 3394 quae
1094 3323 1208 3386 autem,

122 3413 247 3492 dempto
262 3413 384 3493 capitali
400 3430 469 3478 curn
489 3414 635 3489 auctario,
651 3421 819 3488 remanent,
833 3413 967 3476 valorem
982 3418 1210 3492 repraesentant

122 3518 310 3575 caeterorum
331 3513 497 3594 agentium.
516 3514 666 3586 eraerere
686 3529 759 3576 sane
778 3513 883 3577 liceret
905 3528 945 3574 an
963 3512 1079 3591 reliqua
1100 3511 1208 3573 horum

122 3611 218 3674 valori
234 3627 304 3673 vcro
318 3617 347 3675 et
361 3611 504 3691 objectiva
519 3613 748 3691 aequivaleant‘l

155 3811 190 3873 (t)
206 3813 301 3877 ltnoue
317 3811 478 3873 auctarium.
497 3810 572 3877 ouod
591 3810 619 3865 in
637 3811 821 3864 dt'stndutione
837 3809 938 3866 valoris
955 3809 1082 3875 producti
1100 3808 1208 3876 capitali

123 3892 329 3950 attribuendum
346 3907 407 3948 esse
424 3905 520 3950 omncs
537 3892 694 3957 admittunt,
708 3893 823 3958 theoria,
843 3892 877 3950 de
894 3908 947 3960 uua
965 3893 1009 3948 hio
1028 3892 1128 3958 agitur,
1146 3891 1209 3948 ideo

123 3976 231 4042 capitali
243 3976 378 4038 attribuit.
391 3977 464 4042 onia,
478 3976 506 4030 in
519 3974 700 4041 productione
711 3976 821 4036 valoris.
833 3976 953 4042 praecise
965 3989 979 4030 a
991 3974 1099 4045 capitali
1111 3973 1211 4030 torma·

123 4058 186 4114 liter
196 4063 361 4123 producatur.
374 4061 412 4116 lta
424 4061 604 4116 constituitur
620 4059 744 4126 eiusdem
762 4059 885 4115 theoriae
902 4058 1053 4115 differentia
1072 4057 1208 4124 specifica.

157 4143 190 4200 tto
206 4140 243 4197 Cf.
256 4141 473 4207 donn-mvrena,
486 4158 527 4208 op.
541 4157 575 4206 c..
588 4144 609 4207 Ι,
622 4157 650 4210 p.
663 4141 712 4198 tto
723 4155 760 4197 ss.

157 4221 190 4285 (3)
206 4222 349 4290 utsupra,
362 4238 390 4291 p.
402 4223 444 4280 60.
