3242 4959
437 467 501 520 can,
515 469 550 514 0.
568 468 605 514 00
619 467 782 514 00000010
798 468 922 515 cnonrrr.
1161 451 1219 525 bol

132 695 135 702 .
177 633 245 696 liuo
256 631 353 712 prima
366 638 466 698 autern
477 638 656 712 argumenta
667 630 779 698 directe
794 629 833 694 ad
847 631 1057 710 quaestionem
1071 637 1219 711 spectant,

120 747 206 799 ,0000
228 732 426 803 desumantur
447 747 483 800 cx
503 732 645 814 analogia
665 730 863 812 obligationis
882 730 1004 796 carendi
1025 746 1081 810 per
1102 741 1223 812 tempus

131 830 277 917 pecunia,
293 844 363 894 cum
378 829 563 910 obligatione
578 838 642 894 tum
660 850 675 885 ι
691 826 872 906 fidejubendi
893 828 1017 909 alterius
1038 827 1161 893 nomine
1181 828 1221 893 ad

130 943 372 996 nnumannum
393 927 513 992 edamsi
534 917 653 992 nullum
675 927 716 990 sit
730 925 899 1006 periculum
915 925 947 988 in
961 925 1096 990 debitore
1110 950 1138 1002 a,
1156 934 1221 992 tum

131 1048 149 1084 ‹
164 1024 326 1090 mutuandi
339 1025 423 1100 ,1000
438 1034 577 1106 suscepta
592 1041 645 1106 per
659 1041 753 1088 unum
770 1039 883 1088 anuum
900 1047 914 1080 r
932 1026 981 1102 (r),
998 1040 1076 1104 quae
1093 1012 1222 1105 utraque

127 1123 283 1204 obligatio
298 1122 395 1204 pretio
410 1123 450 1186 sit
464 1122 675 1187 aestimabilis.
698 1122 816 1202 Duplex
838 1136 1019 1201 responsum
1039 1122 1222 1188 indirectum
1334 1137 1337 1140 ’
1413 1126 1415 1131 ’

128 1222 218 1302 quod
233 1223 298 1301 ipse
315 1221 437 1285 Lessius
451 1220 625 1286 dubitanter
639 1221 678 1282 iis
693 1220 882 1300 argumentis
896 1220 1034 1300 opponit,
1049 1220 1135 1284 illam
1150 1238 1221 1285 sen·

130 1322 260 1386 tentiam
278 1336 387 1400 nempe
403 1321 498 1385 videri
514 1336 634 1395 novam,
652 1329 681 1383 et
696 1319 862 1383 carentiam
877 1320 1022 1399 pecuniae
1034 1335 1100 1382 esse
1115 1329 1221 1386 mutuo
1338 1311 1341 1315 ⁷

126 1420 268 1502 gratuito
283 1419 489 1494 intrinsecam,
509 1419 663 1484 evidenter
677 1428 721 1482 est
738 1418 935 1496 insufficiens.
951 1419 1013 1482 Nec
1027 1433 1219 1498 responsum,

123 1517 218 1598 ,quod
241 1518 278 1582 de
300 1520 384 1599 Lugo
407 1518 558 1584 laboriose
572 1518 747 1598 exquisivit,
766 1517 865 1597 magis
886 1533 943 1579 nos
963 1524 1064 1580 movet
1080 1534 1087 1578 :
1106 1517 1138 1579 in
1159 1525 1222 1581 tota

128 1616 219 1682 enirn
238 1617 295 1682 bac
316 1617 525 1697 inquisitione,
543 1634 635 1697 quam
657 1617 723 1697 ipss
744 1616 886 1690 instituit,
904 1616 1122 1696 praesupponit
1142 1616 1233 1680 obli·.

130 1717 288 1798 gationem
305 1716 472 1796 quamlibet
487 1726 659 1797 susceptam
680 1732 740 1796 qua
761 1715 852 1779 talem
875 1715 971 1795 pretio
992 1732 1059 1778 esse
1080 1717 1222 1780 aestima-

129 1813 244 1891 bilem;
263 1814 331 1878 ideo
346 1813 470 1894 quidem
493 1814 596 1879 Lessio
616 1813 754 1878 concedit
775 1812 979 1893 obligationes
1000 1813 1039 1877 ab
1060 1813 1127 1894 ipso
1149 1814 1221 1882 alle·

121 1921 221 1993 „gatas
236 1913 511 1993 recompensandas
528 1929 605 1986 esse,
623 1929 726 1976 verum
746 1912 831 1990 juxta
853 1913 1001 1976 theoriam
1023 1929 1110 1976 suam
1132 1921 1222 1994 negat

130 2011 308 2091 analogiam
329 2027 398 2074 cum
424 2011 609 2092 obligatione
636 2019 739 2075 mutuo
768 2020 955 2091 assumpta:
979 2027 1048 2074 cum
1074 2011 1220 2092 obligatio

130 2110 220 2186 baec,
238 2111 365 2191 pecunia
381 2111 530 2185 restituta,
545 2118 801 2191 recompensetur,
814 2118 843 2172 et
855 2126 924 2173 cum
936 2108 1007 2172 illae
1019 2109 1221 2190 obligationes

130 2209 310 2272 nullatenus
325 2217 560 2288 compensentur
574 2208 634 2270 nisi
651 2207 782 2288 pretium
797 2206 922 2286 aliquod
938 2207 1144 2271 retribuendo.

173 2309 316 2383 licentra,
344 2306 434 2371 nobis
459 2306 652 2372 concedenda
678 2307 803 2371 omnino
829 2305 947 2369 videtur
971 2305 1113 2385 analogia
1141 2305 1220 2368 inter

131 2407 286 2488 triplicem
315 2406 530 2487 obligationem
561 2423 578 2470 a
608 2407 712 2471 lessio
746 2407 927 2484 allegatam,
960 2421 1065 2468 verum
1093 2421 1220 2485 prorsus

129 2503 308 2585 negandum
333 2504 531 2584 obligationes
559 2504 640 2580 illos,
672 2505 776 2585 quoles
800 2521 873 2566 coco
897 2509 1127 2584 supponuntur,
1157 2519 1221 2567 esse

125 2604 233 2684 pretio
247 2603 462 2667 aestimabiles.
1204 2681 1207 2684 ⁴

173 2702 262 2776 Quod
273 2701 408 2781 quidem,
422 2702 580 2782 speciatim
593 2702 624 2764 in
638 2702 843 2780 fideiussione,
858 2717 892 2763 ex
909 2701 1046 2779 ipsorum
1061 2709 1219 2764 auctorum

128 2799 306 2879 principiis,
321 2799 392 2863 alibi
406 2815 441 2862 ex
457 2799 594 2879 professo
610 2799 740 2869 traditis,
758 2798 950 2879 apertissime
962 2798 1069 2860 elucet.
1085 2798 1129 2860 lta
1146 2798 1218 2860 Les·

130 2897 199 2960 sius
213 2897 367 2976 imprimis
382 2897 420 2960 de
434 2897 658 2961 assecuratione
678 2911 772 2976 agens
791 2911 851 2974 qua
873 2895 942 2974 quis
964 2911 997 2957 se
1019 2895 1135 2976 obligat
1151 2893 1218 2957 «ad

130 3011 197 3060 rem
214 2996 471 3077 compensandam
489 2997 518 3059 si
529 2997 661 3078 perierit
674 3019 701 3068 r,
720 2996 828 3060 merito
843 2997 930 3076 ponit
947 3013 954 3058 :
975 2995 1148 3076 «obligatio
1163 2995 1218 3064 illa

131 3115 195 3163 uon
210 3110 257 3162 est
270 3099 470 3164 aestimabilis
489 3100 597 3181 pretio,
615 3099 674 3162 nisi
696 3098 823 3162 rationis
846 3098 975 3176 alicuius
997 3097 1121 3178 periculi
1145 3113 1217 3178 pos-

129 3198 262 3262 sibilis»
280 3201 327 3276 (a).
350 3199 443 3278 Atqui
466 3198 659 3276 lidejussione
681 3197 794 3276 aliquis
818 3215 880 3260 «se
901 3198 1017 3277 obligat
1038 3197 1075 3260 ad
1097 3197 1216 3278 obliga·

131 3295 248 3359 tionem
268 3295 400 3359 alienam
421 3296 621 3376 implendam,
646 3296 675 3360 si
696 3294 814 3358 debitor
831 3294 1017 3376 principalis
1037 3312 1099 3357 non
1122 3294 1217 3358 solot-

131 3392 205 3455 rit»
229 3396 275 3470 (a).
300 3394 331 3457 Si
353 3393 481 3473 proinde
503 3393 686 3457 assecuratio
709 3401 754 3456 est
779 3393 949 3472 assumptio
978 3392 1105 3473 periculi
1126 3409 1162 3454 ex
1184 3407 1217 3456 re

132 3492 351 3572 provenientis,
370 3492 523 3570 lidejussio
538 3508 609 3556 vero
623 3492 791 3573 assumptio
807 3493 935 3572 periculi
947 3509 982 3555 en
995 3493 1130 3555 debitore
1144 3492 1214 3566 orti,

19 3645 20 3652 ,
130 3590 275 3669 equidem
290 3608 351 3654 non
371 3591 552 3672 intelligitur
572 3608 705 3672 quonam
727 3591 924 3656 fundamento
947 3591 1065 3655 dicatur
1081 3613 1095 3648 s
1111 3590 1216 3668 lideJ'n-

132 3685 242 3751 bere...
260 3705 326 3752 esse
341 3689 438 3769 pretio
453 3689 654 3765 aestimabile,
671 3688 793 3752 etiarnsi
807 3689 928 3751 notium
941 3688 983 3750 cit
993 3687 1168 3769 pericolum
1181 3687 1217 3750 in

132 3783 296 3850 debitore»
313 3790 360 3866 (ll.
379 3789 482 3867 ltaque
498 3787 639 3851 laudatus
655 3794 760 3851 auctor
774 3787 848 3852 alibi
865 3787 1091 3866 aequivalenter
1105 3803 1217 3867 negare

165 3984 200 4044 tlt
217 3983 254 4041 cl.
268 3984 386 4047 Lnssrus,
398 3984 445 4049 ila,
458 3997 486 4038 n.
499 3982 557 4039 119.

166 4059 200 4121 (i)
217 4058 254 4115 cl.
268 4073 309 4124 op.
323 4073 357 4122 0.,
371 4057 434 4124 l.11‚
447 4071 472 4114 0.
485 4057 527 4124 ab,
540 4059 568 4114 d.
581 4057 607 4122 l,
620 4071 647 4114 0.
661 4057 702 4114 ll.

165 4132 200 4196 (3)
217 4132 255 4189 01.
268 4134 314 4197 tin,
328 4148 355 4189 0.
369 4135 394 4189 1.

165 4205 199 4269 (l)
217 4207 254 4264 cl.
268 4209 315 4272 ila,
327 4223 352 4264 c.
364 4207 406 4272 bo,
421 4207 447 4263 d.
461 4207 502 4272 ll,
517 4221 543 4263 n.
557 4206 615 4263 119.
