3242 4959
421 475 482 538 too
869 492 941 537 onus
962 493 1060 538 aaron.

420 655 570 720 secundae
596 655 768 735 quaestioni
798 666 987 718 momentum
1016 656 1056 717 sit
1085 655 1244 730 tributum,
1278 672 1313 719 eo
1342 655 1423 736 quod
1452 655 1521 718 hac

419 755 536 818 ratione
552 753 777 818 traditionalem
792 753 963 817 doctrinam
978 769 1048 816 rum
1070 753 1158 816 novis
1181 753 1345 816 tendentiis
1366 753 1519 833 componi

419 852 652 924 contenderent,
687 852 854 915 hodiedum
883 851 922 916 ab
950 852 1125 916 auctoribus
1153 861 1238 914 extra
1271 852 1519 938 controversiam

420 952 545 1032 ponitur
560 960 589 1014 et
603 951 798 1032 generalibus
814 950 851 1013 de
866 951 1011 1014 charitate
1026 952 1090 1014 sive
1106 951 1236 1014 naturali
1258 951 1321 1014 sive
1342 951 1519 1014 christiana

419 1050 581 1130 principiis
603 1050 741 1112 solvitur.
765 1050 880 1128 ltaque,
904 1048 1053 1129 quidquid
1080 1050 1111 1112 in
1138 1058 1292 1129 posterum
1318 1049 1356 1112 de
1381 1048 1519 1113 faenoris

419 1149 552 1211 liceitote
567 1156 726 1223 statuatur,
744 1164 864 1228 semper
879 1147 916 1210 de
933 1147 1075 1223 liceitate,
1088 1149 1182 1212 salvis
1193 1148 1336 1212 omnibus
1352 1148 1518 1212 charitatis

418 1247 545 1329 regulis,
563 1247 693 1327 intelligi
710 1248 861 1310 volumus.

461 1447 500 1510 Ut
513 1453 614 1508 autem
628 1445 778 1524 iudicium
795 1445 832 1507 de
847 1461 939 1508 causa
957 1461 1067 1508 rrsurae
1089 1446 1131 1508 ita
1152 1447 1263 1526 posita,
1281 1455 1394 1510 attento
1416 1449 1514 1512 simul

418 1552 499 1608 statu
522 1543 711 1623 quaestionis
734 1543 893 1612 hodierno.
919 1543 1020 1608 debito
1042 1544 1131 1607 modo
1154 1545 1278 1620 seratur,
1306 1546 1456 1610 elementa
1478 1548 1515 1611 in

419 1645 476 1708 hac
491 1659 523 1706 re
539 1641 779 1705 fundamentalia
794 1651 934 1706 accurato
950 1643 1081 1705 examini
1098 1653 1169 1707 sunt
1183 1645 1382 1723 subjicienda.

460 1743 619 1807 Elementa
634 1749 735 1805 autem
750 1759 828 1822 quae
843 1743 882 1806 ad
897 1759 961 1806 rem
977 1742 1104 1818 faciunt,
1122 1744 1225 1806 omnia
1239 1753 1309 1824 apto
1332 1745 1398 1808 loco
1420 1746 1514 1810 nobis

418 1844 557 1907 videmur
573 1841 775 1917 considerare,
790 1842 817 1904 si
829 1843 929 1922 primo
942 1842 1094 1921 loquimur
1106 1842 1143 1905 de
1154 1843 1277 1922 capitali
1290 1853 1318 1905 et
1330 1844 1367 1907 de
1379 1845 1513 1925 pecunia

420 1943 453 2004 in
475 1958 507 2003 sc
533 1957 586 2003 seu
609 1940 646 2002 de
664 1947 779 2002 natura
802 1940 909 2020 objecti
935 1940 1015 2020 quod
1040 1942 1205 2004 contractui
1229 1942 1335 2005 crediti
1360 1941 1513 2006 hodierno

420 2041 524 2104 subest
534 2041 579 2116 lt).
594 2040 621 2101 si
638 2039 747 2103 deinde
763 2040 919 2119 loquimur
934 2040 970 2102 de
984 2047 1099 2102 notare
1114 2047 1287 2104 contractos
1303 2057 1356 2104 seu
1368 2042 1405 2105 de
1417 2043 1513 2106 modo

419 2155 480 2217 quo
507 2137 585 2200 illud
611 2137 762 2215 objectum
783 2139 934 2202 credatur.
959 2140 1002 2202 lta
1024 2147 1185 2218 postquam
1210 2140 1308 2218 primo
1333 2140 1513 2220 apparuerit
1610 2179 1611 2190 ³

420 2253 570 2315 quaenam
585 2237 669 2299 notio
685 2245 853 2316 naturaque
865 2238 1004 2316 capitalis
1023 2254 1058 2300 ac
1079 2238 1226 2318 pecuniae
1245 2239 1285 2299 sit
1306 2237 1509 2314 admittenda,

418 2339 491 2395 tunc
506 2349 541 2394 ex
557 2332 642 2394 illius
658 2339 765 2395 natura
777 2332 841 2411 jam
857 2333 1006 2396 elucescet
1021 2332 1133 2395 clarius
1150 2334 1233 2396 notio
1254 2343 1283 2395 et
1304 2341 1412 2396 natura
1438 2349 1514 2397 con·

418 2438 533 2493 tractus
547 2431 665 2494 crediti.

460 2530 516 2604 Qui
546 2530 730 2610 procedendi
763 2532 873 2594 modus
902 2531 1055 2612 imprimis
1084 2533 1150 2613 ipsa
1179 2533 1367 2612 quaestionis
1401 2540 1513 2595 natura

420 2629 600 2710 imponitur,
619 2646 689 2692 cum
705 2629 743 2692 de
758 2631 885 2694 auctarii
898 2631 1016 2710 justitia
1031 2649 1067 2693 ex
1082 2633 1198 2694 ratione
1213 2632 1355 2712 specifica
1370 2638 1513 2694 contrac-

418 2737 466 2791 tus
496 2728 601 2791 crediti
627 2728 828 2814 judicandum
854 2729 904 2804 sit,
932 2739 959 2791 ct
982 2746 1051 2792 cum
1077 2730 1204 2792 ulterius
1230 2739 1403 2794 contractus
1431 2731 1512 2792 ratio

418 2827 561 2906 specifica
586 2826 749 2889 ultimatim
779 2844 816 2890 ex
846 2835 953 2890 natura
983 2828 1091 2905 objecti
1120 2829 1245 2890 oriatur.
1271 2829 1398 2907 Insuper
1426 2827 1512 2891 idem

417 2943 579 3006 processus
600 2943 636 2989 ex
662 2936 742 2990 statu
768 2928 956 3007 quaestionis
982 2928 1161 3000 desumitur,
1185 2944 1253 2991 cum
1280 2928 1358 2990 aliae
1383 2927 1512 3006 quidem

419 3025 498 3087 inter
516 3026 681 3087 sententias
705 3027 858 3105 expositas
880 3025 1000 3106 pondus
1022 3034 1136 3105 ponant
1156 3027 1186 3088 in
1210 3034 1317 3088 natura
1337 3032 1513 3090 contractus

418 3125 612 3204 inquirenda,
629 3124 706 3187 aliae
722 3141 791 3187 vero
808 3125 912 3204 plures
929 3127 960 3187 in
976 3135 1082 3188 natura
1098 3126 1205 3203 objecti
1222 3126 1463 3189 determinanda.

459 3225 574 3300 Quodsi
589 3241 680 3305 porro
695 3228 866 3290 accuratius
882 3236 992 3290 statum
1009 3227 1196 3306 quaestionis
1211 3225 1394 3288 hodiernum
1410 3227 1512 3306 inspi-

418 3325 528 3398 cimus
548 3332 666 3387 constat
682 3324 745 3387 lere
761 3324 864 3387 omnia
879 3324 1031 3404 disputata
1047 3325 1133 3404 quasi
1150 3325 1181 3388 in
1198 3324 1320 3388 cardine
1343 3325 1454 3388 versari
1475 3325 1512 3387 in

419 3423 543 3486 notione
571 3423 710 3502 capitalis
739 3432 769 3486 et
796 3422 953 3502 pecuniae.
982 3425 1019 3486 lit
1041 3424 1083 3486 ita
1112 3424 1248 3502 quaestio
1275 3439 1355 3486 nunc
1383 3439 1513 3502 prorsus

417 3521 605 3601 transposita
615 3519 735 3584 videtur
751 3523 797 3598 (a).
812 3521 932 3584 Etenim
948 3537 1017 3583 cum
1033 3521 1106 3583 olim
1122 3532 1261 3583 naturam
1278 3521 1385 3597 objecti
1401 3520 1510 3584 crediti

450 3752 485 3814 (l)
503 3750 563 3815 Quo
576 3749 728 3815 longiusalt
737 3750 813 3804 omni
825 3749 1009 3816 praejudicata
1021 3750 1150 3816 opinione
1162 3751 1291 3814 absimus
1302 3764 1384 3805 voces
1395 3749 1509 3804 omnino

417 3834 558 3900 generales
576 3834 691 3897 capitote
709 3835 736 3888 et
754 3836 888 3886 creditum
904 3832 1104 3896 adhibebimus,
1118 3846 1207 3899 usque
1222 3832 1289 3888 dum
1306 3833 1432 3887 notiones
1445 3829 1510 3885 illae

417 3917 590 3982 expositione
602 3918 631 3971 et
643 3914 816 3970 discussione
828 3914 959 3970 clariores
971 3913 1056 3969 iactae
1066 3915 1131 3968 sint.

449 4000 485 4063 (2)
501 3999 533 4054 ll.
546 3999 683 4054 savarum
695 3997 749 4060 (Lo
761 3999 863 4051 theoria
880 4000 1008 4050 moderna
1025 4001 1062 4049 dat
1079 3999 1178 4061 capitol
1196 4003 1222 4050 et
1241 3999 1268 4049 lo
1281 3998 1388 4062 justice,
1407 4011 1434 4062 p.
1455 3996 1506 4059 at),

417 4084 516 4139 merito
535 4085 612 4138 notat
633 4101 640 4137 :
663 4083 721 4136 «la
742 4080 860 4146 gratuite
880 4081 917 4137 du
939 4080 999 4147 pret
1020 4080 1140 4147 d’argonl
1158 4086 1201 4136 est
1220 4081 1311 4146 plutdt
1328 4095 1366 4135 un
1385 4081 1510 4146 principe

417 4163 511 4220 derivd
529 4164 615 4231 qu’un
635 4163 760 4229 principe
777 4164 897 4227 premier
914 4162 949 4218 de
967 4162 1115 4218 l’auoienne
1131 4161 1265 4218 doctrine.
1279 4163 1346 4218 Lors
1362 4162 1434 4218 donc
1453 4176 1509 4230 que

419 4248 469 4304 des
480 4245 627 4303 difficultis
639 4261 675 4302 ou
687 4246 737 4303 des
747 4246 902 4302 obscuritds
914 4258 944 4302 se
956 4244 1114 4311 presentent
1125 4244 1193 4300 dans
1205 4245 1396 4311 l’applicatiom
1410 4245 1436 4300 la
1447 4245 1509 4302 voie

418 4328 549 4397 indiquee
560 4342 633 4396 pour
643 4342 679 4385 eu
690 4327 774 4384 sortir
785 4331 828 4383 ost
840 4326 875 4382 de
887 4331 1026 4382 remonter
1037 4326 1100 4393 plus
1112 4326 1187 4382 haul.
1195 4342 1211 4371 o
