3242 4959
384 445 445 518 232
747 463 820 510 rans
834 465 957 511 rernm.
974 465 1055 512 secr.
1071 466 1103 510 rr.

383 628 512 708 juridice
538 629 681 705 alienata,
710 629 830 693 nullum
855 631 1001 706 valorem,
1027 647 1120 710 supra
1145 630 1279 694 valorem
1304 637 1472 694 commuta·

386 727 479 791 donis
493 727 552 808 ipsi
570 728 781 796 intrinsecum.
794 745 832 792 ex
845 728 946 808 seipsa
962 727 1096 810 prolerre
1108 730 1262 810 potestlt).
1276 727 1363 802 Quod
1374 735 1467 808 patet,

385 826 411 889 si
428 842 497 899 cum
512 826 571 888 alia
593 842 626 890 re
646 836 847 907 permutatur,
864 842 941 906 quae
957 827 1057 906 ipsius
1071 827 1167 890 ualori
1181 826 1367 907 aequitatem
1388 824 1470 906 quod

385 940 441 988 nec
456 923 630 1004 negandum
648 925 775 1000 uidetur,
793 925 820 988 si
836 924 875 988 ad
892 941 983 988 usum
998 925 1156 1005 proprium
1170 940 1208 988 ac
1230 924 1399 988 naturalem
1420 923 1471 985 tri-

384 1023 498 1086 buitur.
515 1024 647 1098 Etenim,
665 1031 699 1087 nt
713 1023 907 1104 supponitur,
925 1039 999 1087 usus
1014 1040 1067 1087 seu
1082 1023 1199 1087 utilitas
1213 1023 1268 1088 illa
1287 1032 1333 1087 est
1355 1022 1468 1087 forma·

384 1120 453 1184 liter
468 1122 500 1182 in
515 1121 745 1202 consumptione
767 1121 811 1184 rei
834 1120 1051 1186 substantiali:
1068 1121 1185 1184 utilitas
1204 1121 1371 1186 carbonum
1393 1121 1470 1186 cale

384 1218 516 1282 faciendi
545 1220 667 1282 nonnisi
697 1220 728 1282 in
764 1220 932 1284 carbonum
966 1220 1178 1285 combustione
1213 1219 1357 1300 ponitur;
1390 1217 1469 1282 unde

383 1318 515 1398 pretinm
536 1335 590 1382 seu
618 1320 703 1382 valor
723 1320 949 1382 commutabilis
967 1319 1117 1395 ejusmodi
1140 1336 1214 1382 usus
1234 1330 1281 1381 est
1300 1318 1469 1382 formaliter

383 1417 515 1496 pretium
529 1434 583 1481 seu
603 1418 687 1482 valor
708 1419 896 1482 substantiae
917 1419 1099 1494 carbonum;
1124 1425 1164 1493 et,
1187 1418 1308 1480 inversa
1328 1416 1468 1498 proposi-

383 1517 476 1592 tione,
494 1517 640 1580 carbones
654 1518 731 1580 tanti
753 1517 853 1580 valere
876 1516 987 1580 debent
1007 1518 1113 1596 quanti
1134 1517 1251 1579 utilitas
1271 1531 1349 1594 quae
1369 1522 1415 1578 est
1435 1514 1467 1576 in

382 1615 603 1685 combustione.
627 1616 776 1696 quidquid
798 1626 903 1696 postea
928 1633 964 1680 ex
989 1616 1095 1680 eedem
1120 1616 1246 1680 oriatur.
1266 1616 1299 1680 Si
1320 1615 1371 1678 bic
1396 1631 1468 1678 usus

382 1713 569 1777 substantiae
588 1714 672 1777 illins
695 1715 805 1777 valeret
830 1714 928 1795 pluris
950 1714 1120 1779 substantia
1142 1715 1220 1795 ipsa,
1237 1729 1370 1792 quonam
1394 1713 1468 1776 haec

381 1813 494 1876 valoris
509 1813 678 1876 differentia
693 1814 839 1876 niteretur
853 1812 1070 1876 fundamento?
1084 1813 1233 1877 concedis
1252 1813 1464 1884 substantiam,

380 1912 574 1975 concedendo
590 1929 680 1974 usum
699 1930 705 1974 :
723 1929 795 1992 ergo
812 1929 887 1974 usus
909 1925 1133 1993 compensatur,
1151 1928 1221 1976 cum
1242 1912 1372 1992 perditio
1396 1912 1466 1975 sub·

379 2010 510 2073 stantiae
526 2019 750 2090 compensatur.
769 2010 883 2085 Quodsi
907 2027 1136 2091 nonnumquam
1157 2011 1244 2074 alteri
1271 2011 1378 2086 utenti,
1395 2026 1466 2074 usus

380 2107 480 2188 pluris
495 2109 574 2172 ualet
588 2125 680 2188 quam
696 2110 884 2174 substantiae
899 2110 1042 2190 pretinm.
1059 2119 1090 2172 at
1111 2126 1173 2172 non
1194 2110 1250 2174 tibi
1268 2111 1317 2173 cui
1333 2125 1393 2183 res,
1411 2126 1466 2172 usu

380 2208 515 2282 vendito,
540 2209 606 2290 ipsa
627 2219 808 2288 consumpta
830 2217 886 2272 est.
912 2210 1012 2273 Utenti
1035 2226 1109 2273 usus
1131 2210 1202 2288 plus
1221 2209 1320 2273 ualere
1341 2216 1441 2288 potest
1456 2225 1467 2272 ι·

378 2307 434 2370 sed
450 2317 482 2369 ut
494 2308 563 2386 plus
575 2307 684 2381 valeat,
699 2305 867 2370 notandum
883 2316 929 2369 est
943 2307 1043 2382 illum,
1056 2308 1108 2387 qui
1121 2323 1152 2370 re
1166 2310 1271 2382 utitur,
1286 2306 1466 2370 industriam

377 2422 468 2469 suam
484 2407 529 2469 vel
546 2406 677 2468 alienam
693 2406 751 2468 sibi
767 2406 947 2470 conductam
964 2407 1006 2469 rei
1029 2407 1194 2486 applicare.
1211 2406 1298 2470 Unde
1319 2422 1465 2486 augmen·

378 2513 445 2568 tum
474 2506 596 2576 valoris,
621 2512 692 2587 post
717 2522 781 2570 rem
807 2516 1032 2586 consumptam,
1052 2525 1090 2568 ec
1115 2525 1149 2568 re
1168 2506 1323 2587 producto
1348 2514 1463 2574 natum.

376 2620 539 2668 censemus
561 2604 757 2668 tribuendum
784 2605 898 2667 utentis
920 2604 1028 2668 labori.
1051 2607 1155 2685 ltaque
1175 2606 1259 2668 hisce
1274 2605 1411 2682 objectis,
1428 2602 1466 2666 ad

380 2719 469 2767 usum
485 2704 654 2766 naturalem
670 2704 835 2777 concessis,
853 2704 1043 2784 applicamus
1058 2721 1134 2784 quae
1149 2706 1181 2767 S.
1195 2705 1328 2768 Thomas
1342 2703 1420 2766 dixit
1430 2703 1466 2766 de

380 2817 437 2864 usu
454 2802 598 2880 pecuniae
613 2802 769 2864 usurariae
785 2801 887 2864 labore
903 2802 1065 2864 lucrativae
1083 2819 1090 2864 :
1110 2802 1214 2865 «illud
1233 2801 1315 2881 quod
1337 2800 1466 2881 acquiri-

375 2907 428 2962 ·tur
443 2899 480 2962 de
495 2900 623 2979 pecunia
638 2900 776 2963 usuraria
791 2899 918 2963 debetur
932 2900 1056 2978 quidem
1072 2900 1253 2980 acquirenti,
1272 2916 1332 2962 non
1345 2907 1465 2979 propter

375 2999 540 3077 pecuniam
557 2999 727 3061 usurariam
742 2998 856 3072 deum,
874 2999 952 3062 sieut
966 3008 1090 3078 propter
1104 3015 1227 3062 cansam
1249 3000 1465 3062 instrumenta·

380 3097 451 3172 lem,
469 3099 522 3162 sed
537 3108 661 3179 propter
676 3115 764 3162 suam
784 3098 979 3174 industriam,
996 3099 1076 3163 sicut
1096 3109 1219 3180 propter
1236 3115 1359 3162 cansam
1381 3098 1464 3179 prin·

374 3197 508 3276 cipalem
525 3200 572 3276 (a).
588 3221 602 3255 s

412 3412 447 3475 (l)
464 3413 501 3467 be
520 3426 571 3467 usu
592 3426 684 3468 rerum
703 3411 878 3478 productivo.
890 3412 994 3478 optime
1010 3412 1121 3477 scripsit
1137 3410 1354 3473 bdnn-Bawnnrr,
1366 3413 1464 3468 Metto

370 3489 432 3540 :aad
450 3487 631 3540 Verttdllnc'ssc
643 3501 703 3540 vom
715 3487 897 3550 Stondpualctc
908 3488 958 3538 der
970 3485 1281 3549 oottswirtscltoftte'cbon
1292 3487 1463 3549 Geiterteltre,

377 3576 404 3628 p.
418 3561 447 3616 5l
462 3575 498 3616 ss.
513 3561 673 3624 lnnsbruck,
686 3561 813 3626 Wagner,
831 3558 912 3624 l88l;
932 3560 1047 3615 eandem
1066 3560 1217 3616 doctrinam
1237 3559 1329 3625 refert,
1342 3561 1376 3616 ad
1389 3559 1464 3618 relel·

339 3653 341 3657 ·
377 3635 470 3692 lendes
483 3635 602 3690 theorias
614 3633 672 3689 «de
684 3647 735 3689 usn
746 3649 771 3698 u,
785 3635 813 3688 in
825 3647 909 3700 opere
921 3635 1030 3699 saepius
1043 3633 1152 3690 laudato
1167 3635 1271 3700 Capitol
1281 3638 1336 3688 und
1350 3637 1463 3700 capum

376 3713 444 3774 ains,
458 3711 477 3769 1,
496 3723 522 3774 p.
536 3708 585 3764 tot
600 3723 649 3768 es..
667 3708 838 3774 praesertim,
855 3722 882 3774 p.
900 3707 1019 3772 meast,
1035 3707 1085 3762 985
1102 3722 1138 3763 ss.
1156 3708 1205 3764 ubi
1218 3709 1274 3774 agit
1287 3707 1321 3764 de
1335 3709 1419 3765 rebus
1431 3708 1464 3764 de

370 3782 647 3849 quibushien'empe
654 3782 866 3848 probatnullum
874 3796 1056 3838 rerumusum
1063 3796 1112 3838 seu
1120 3782 1264 3838 utilitatem
1272 3783 1463 3847 existerclllut

369 3858 466 3922 rauna),
479 3857 555 3923 iuxta
567 3859 595 3912 et
606 3861 682 3913 extra
694 3854 853 3912 earumdem
864 3857 994 3912 virtutem
1012 3856 1145 3912 utilitates
1161 3856 1314 3923 praestandi
1325 3857 1464 3920 (Nutricis-

377 3931 463 3996 tungl.
476 3930 595 3998 ideoque
613 3931 712 3986 merito
726 3933 801 3986 notat
814 3932 850 3996 lp.
865 3929 922 3992 3lll
933 3930 1023 3996 quoad
1041 3932 1247 3987 concessionem
1266 3945 1333 3987 usus
1351 3945 1464 3998 prorsus

377 4002 619 4072 derelinquendam
635 4019 695 4062 esse
706 4005 858 4070 analogiam
876 4005 947 4060 inter
958 4009 1086 4061 mutuum
1099 4005 1252 4069 (barleben)
1262 4009 1290 4062 et
1302 4007 1463 4063 locationem

370 4077 469 4140 lPaebt
487 4078 543 4135 und
556 4079 671 4138 llietbel.
685 4080 716 4136 Et
734 4080 856 4146 praecise
869 4078 937 4135 illud
954 4079 1096 4136 adstruere
1114 4081 1142 4136 in
1160 4081 1213 4137 boe
1229 4082 1365 4148 praesenti
1377 4081 1464 4147 capite

373 4151 561 4217 intendimus:
575 4153 702 4221 idemque
714 4153 814 4210 citatus
825 4158 932 4213 auctor,
945 4153 988 4208 vel
1001 4155 1029 4207 in
1042 4154 1099 4219 ipsa
1112 4156 1282 4220 quaestionis
1289 4155 1427 4222 positione
1435 4156 1465 4210 et

373 4226 408 4281 r'n
421 4229 475 4281 tota
489 4228 666 4294 inquisitione
677 4242 736 4288 sua.
750 4227 896 4284 inleliciter
907 4227 1039 4283 oblivioni
1051 4227 1143 4284 tradit.

411 4311 446 4374 (b)
463 4310 500 4367 tl.
513 4312 551 4376 θ’,
564 4313 606 4376 2⁸⁸,
620 4327 646 4378 q.
660 4312 789 4376 lxxviii,
802 4326 827 4367 a.
841 4311 865 4374 3,
877 4310 913 4366 'ad
925 4311 950 4366 3.
