3242 4959
355 504 419 550 car.
437 505 469 550 rr.
487 499 631 551 rarmurra
645 493 793 551 scmtnntr
807 493 1007 552 scenasrrcaa.
1063 471 1065 473 ’
1167 482 1223 553 151

135 675 177 732 ac'
195 669 375 733 muralem
393 686 400 732 :
416 669 480 732 rita
501 669 687 733 aeconomiae
709 670 847 749 ipsarum
868 683 968 732 rerum
994 670 1230 735 commutatione

135 767 288 848 agteatm
308 770 353 846 (1).
376 776 407 830 et
427 768 470 832 lta
498 767 667 847 explicatur
691 778 748 831 cur
765 767 884 831 madiis
904 768 1093 848 reperiantur
1118 771 1229 832 census

132 867 282 949 pecunia,
299 882 356 931 nec
366 867 431 946 jam
445 865 594 930 fructibus
608 867 810 942 naturalibus,
828 869 920 932 soluti
940 869 986 946 (alt

180 968 226 1031 Ile
247 968 355 1030 intima
370 967 516 1047 pecuniae
531 967 659 1041 ratione,
677 981 732 1048 pro
751 967 887 1031 externis
911 968 1072 1046 adjunctis.
1096 972 1151 1047 per
1171 967 1229 1032 hec

133 1071 272 1146 ternpus,
300 1066 431 1129 multum
456 1066 691 1145 inqrtisiveruut.
709 1067 786 1130 Cuia
801 1066 884 1129 enim
908 1067 946 1130 ab
961 1077 1121 1147 unaparte
1143 1069 1227 1130 oom-

135 1166 289 1229 mercium
319 1165 525 1228 intervenias
556 1166 696 1244 regiones
724 1165 816 1228 latius
841 1165 1067 1234 extenderetur.
1098 1179 1229 1244 cumque

133 1264 178 1329 ait
193 1251 290 1326 altera
305 1271 389 1342 parte
402 1264 453 1341 jus
467 1263 642 1326 monetandi
663 1263 742 1324 inter
763 1271 807 1325 tot
828 1263 993 1343 principes,
1012 1262 1115 1335 duces,
1132 1262 1228 1325 comi·

135 1371 198 1436 tes,
215 1361 353 1426 civitates
367 1361 563 1436 divideretur,
581 1363 633 1440 qui
648 1362 782 1424 valorem
796 1371 936 1424 monetae
958 1361 1157 1424 intrinsecum
1173 1375 1228 1440 pro

137 1461 232 1525 laeua
257 1460 448 1539 frequentius
473 1459 688 1534 adulterarent,
718 1493 758 1504 —
783 1460 923 1539 exemplo
949 1459 989 1522 sit
1018 1458 1150 1522 infausto
1175 1473 1228 1521 rex

136 1560 258 1624 datttae
281 1559 442 1640 Phiiippus
464 1559 645 1640 cognomine
666 1558 806 1633 Pulcher,
824 1558 949 1622 -inde
969 1555 1107 1621 ellectum
1128 1566 1175 1620 est
1195 1565 1229 1620 ut

135 1661 242 1740 magis
256 1675 292 1724 ac
313 1661 413 1741 magis
434 1661 572 1724 doctores
593 1659 681 1722 illum
703 1659 838 1722 valorem
862 1659 1008 1738 pecuniae
1029 1659 1228 1721 intrinsecum

137 1753 336 1841 respicerent,
353 1769 383 1823 et
397 1777 466 1822 vera
481 1760 628 1839 pecuniae
643 1759 768 1822 scientia
784 1759 904 1822 saecule
920 1757 1043 1822 medem
1057 1759 1126 1821 lllll
1141 1771 1228 1820 enas-

34 1855 37 1861 ’
138 1867 260 1923 deretur
281 1859 327 1935 (a).
348 1860 472 1932 Verum,
496 1859 528 1920 ni
550 1857 698 1932 fallimur,
725 1874 743 1920 a
768 1857 885 1920 ratione
911 1857 1042 1937 genuina
1068 1855 1226 1936 pecuniae,

139 1958 243 2038 qualis
257 1975 273 2020 a
290 1958 441 2021 veteribus
456 1958 583 2020 Scholae
598 1957 773 2020 doctoribus
788 1965 900 2018 statuta
920 1964 994 2029 erat,
1013 1956 1152 2034 quamvis
1174 1970 1229 2036 pro

139 2057 277 2135 tempore
299 2056 435 2118 alterutri
457 2055 592 2133 ejusdem
614 2054 743 2116 rationis
764 2053 913 2136 elemento
935 2053 1122 2127 insisterent,
1139 2069 1229 2115 num·

139 2172 234 2236 quam
249 2165 438 2219 recesserunt
452 2173 459 2218 :
474 2155 565 2236 quod,
584 2165 617 2218 ut
632 2169 801 2234 speramus,
819 2169 855 2216 ex
870 2153 1023 2233 praesenti
1038 2153 1227 2233 expositione

140 2254 305 2318 constabit.

183 2355 356 2432 Loquentes
369 2351 408 2415 de
423 2352 563 2431 pecunia,
578 2351 730 2414 scolastici
745 2368 837 2414 sensu
849 2350 979 2431 proprio
991 2356 1020 2412 ct
1027 2348 1231 2412 communiter

141 2452 246 2532 agnito
254 2452 307 2528 (ela
316 2451 476 2530 pecuniam
488 2460 678 2512 numeratam
690 2467 768 2513 »seu
779 2459 935 2513 monetam
947 2449 1133 2528 intelligunt,
1144 2447 1174 2511 id
1183 2456 1230 2512 est

140 2563 286 2614 nummos
304 2551 478 2612 materiales
499 2566 534 2612 ex
556 2550 679 2612 metallo
702 2551 772 2629 plus
796 2550 935 2613 minusve
953 2548 1085 2628 pretioso
1107 2547 1227 2612 confec-

141 2658 189 2715 tos
204 2652 251 2728 (5).
270 2651 433 2730 Perperam
449 2649 558 2712 exinde
573 2648 753 2712 Eudemaun
768 2649 891 2712 deducit
904 2649 1060 2712 notionem
1081 2647 1228 2727 pecuniae

140 2765 237 2830 penes
252 2749 439 2824 scolasticos,
456 2765 543 2811 secus
558 2765 593 2810 ac
608 2747 689 2827 apud
703 2764 859 2819 romanos,
875 2746 1091 2810 «materialem
1106 2768 1119 2801 u
1134 2733 1231 2824 (todte

139 2847 253 2928 Scede)
265 2847 375 2912 iactam
387 2865 465 2920 esse,
479 2848 614 2926 adeoque
625 2848 705 2910 viam
720 2846 837 2909 notioni
850 2845 989 2925 capitalis
1000 2845 1150 2926 genuinae
1161 2860 1228 2908 esse

139 2947 332 3026 praeclusam
350 2949 395 3022 o).
413 2947 493 3008 Saue
507 2961 569 3008 non
590 2945 763 3025 negandum
785 2953 831 3007 est
846 2951 961 3006 veteres
979 2945 1090 3008 latinus
1108 2958 1228 3022 «pecu-

142 3045 226 3108 niam
242 3068 255 3100 a
274 3045 456 3124 frequenter,
474 3061 565 3107 seusu
580 3044 672 3106 etiam
685 3042 827 3121 juridico,
845 3059 899 3123 pro
915 3043 998 3106 omni
1018 3059 1050 3106 re
1071 3044 1120 3106 cui
1144 3043 1231 3106 valor

142 3143 232 3218 inest,
257 3160 395 3224 duaeque
424 3142 561 3207 dominio
590 3144 707 3222 priuato
736 3143 862 3208 subesse
884 3151 992 3223 potest,
1017 3142 1193 3207 adhibuisse
1218 3159 1226 3206 :

145 3244 321 3324 «pecuniae
336 3244 459 3308 numine
474 3260 536 3306 nou
551 3243 652 3307 solum
667 3251 825 3306 numerata
840 3243 978 3323 pecunia,
993 3242 1047 3306 sed
1058 3258 1165 3310 omues
1180 3259 1231 3307 res

174 3511 210 3571 11)
226 3509 264 3566 cl.
277 3511 394 3573 Baanrs,
407 3525 449 3576 op.
462 3525 496 3573 e,
510 3525 536 3576 p.
550 3509 608 3566 119.

173 3592 209 3656 (1)
225 3590 263 3648 Cf.
277 3593 528 3654 lama-Smaraee,
540 3607 582 3655 op.
596 3607 630 3656 c,
642 3593 674 3653 ll,
687 3605 714 3657 p.
728 3591 790 3657 4563
809 3593 841 3646 lt.
855 3592 1006 3656 Gerasam,
1025 3594 1093 3647 Role
1110 3595 1156 3646 des
1176 3607 1228 3646 me

142 3675 263 3740 nosteros
273 3689 375 3728 mmme
386 3675 596 3728 e‘tobltscements
614 3677 646 3726 de
663 3675 749 3727 credit
760 3675 848 3727 erudit
864 3689 897 3726 en
915 3675 1086 3728 Normoadt'e
1097 3677 1133 3728 du
1143 3675 1228 3728 XI⁶d

143 3756 169 3808 le
180 3756 219 3819 fin
231 3759 268 3808 du
278 3755 369 3808 XIII⁰
378 3757 468 3820 se'ecte,
482 3769 508 3820 p.
523 3754 640 3811 111181.
653 3756 737 3818 Paris,
752 3757 903 3820 Rousseau,
916 3755 991 3810 1901.

174 3836 209 3900 (3)
225 3835 263 3892 Cf.
277 3837 395 3900 Buartrs,
406 3851 449 3902 op.
461 3851 496 3900 a..
510 3851 537 3902 p.
551 3835 609 3892 tet.

173 3921 209 3984 (ll
225 3920 303 3986 Quod
321 3920 390 3976 dicit
405 3920 460 3987 iam
477 3921 576 3988 iurista
594 3923 736 3978 Banrouus
753 3921 915 3984 (lma-tear)
928 3921 955 3976 in
970 3922 996 3976 t.
1010 3925 1035 3976 st
1045 3924 1108 3976 totta
1119 3925 1182 3990 etp.
1195 3927 1232 3978 de

144 4006 204 4070 lep,
217 4006 238 4064 l,
251 4017 279 4058 n.
292 4005 306 4058 1
320 4018 343 4060 s.
356 4005 466 4068 (citatur
477 4005 511 4059 ab
522 4006 678 4069 madenam,
690 4006 843 4070 staden...,
856 4007 887 4069 ll,
902 4019 929 4071 p.
942 4005 1009 4067 leel.

175 4089 209 4150 td)
225 4088 333 4144 Boaurs
344 4094 397 4154 (cp.
410 4104 445 4152 c,
458 4105 485 4154 p.
499 4089 548 4144 191
559 4103 593 4153 s,
607 4105 635 4144 n.
647 4091 683 4153 1),
695 4092 773 4145 notat
783 4092 812 4145 et
824 4090 921 4156 probat
938 4108 945 4145 :
963 4090 1005 4144 «il
1018 4103 1054 4146 ue
1064 4090 1169 4147 semble
1180 4105 1232 4158 pas

144 4185 196 4236 oue
208 4171 233 4226 le
244 4169 404 4236 moyen-age
415 4172 454 4226 art
464 4182 556 4226 connu
568 4171 594 4226 le
605 4168 724 4236 systeme
738 4169 776 4226 du
788 4173 1028 4236 popter-manuele.
1037 4187 1054 4218 u

175 4251 208 4315 (6)
225 4252 262 4308 cl.
276 4253 432 4317 huruuua,
448 4253 662 4318 Graodsdtae...,
675 4253 748 4332 (1.,13
759 4256 787 4309 et
799 4253 914 4320 passim
926 4255 1068 4321 Statim,
1081 4257 1114 4321 11,
1127 4251 1230 4322 (1.163.
