3242 4959
350 481 414 527 cau.
432 481 464 526 u.
482 467 1002 527 13111311133313311333333333333.
1161 462 1223 528 113

136 644 218 726 quod
234 661 307 710 sane
323 645 453 720 lucrum,
471 645 590 710 etiamsi
614 644 652 708 de
675 660 708 708 re
732 645 830 708 sterili
857 645 918 720 liat,
942 645 1058 724 justum
1079 654 1225 721 osteum

136 756 327 828 supponatur
354 757 419 812 turn
448 746 581 810 valorem
608 746 722 811 laboris
748 746 850 826 opillci
880 746 1015 810 debitum
1041 747 1130 821 solvi,
1159 754 1224 811 tum

135 846 249 910 valoris
272 847 469 920 incremento,
487 846 519 910 iu
541 833 688 926 quantum
711 845 809 925 ipsius
830 846 951 924 patroni
973 844 1140 908 industriae
1162 858 1225 908 non

136 945 311 1026 respondet,
328 945 498 1025 periculum
514 944 552 1008 ab
568 945 635 1025 ipso
650 953 842 1024 assumptum
857 945 1060 1023 compensari.
1077 945 1115 1008 Et
1130 944 1183 1019 ita,
1196 944 1223 1006 si

135 1044 271 1125 penitius
292 1059 341 1106 res
366 1043 556 1123 inspiciatur.
580 1044 654 1106 baec
673 1043 784 1107 solutio
803 1042 914 1106 iisdem
935 1042 1043 1104 nititur
1064 1043 1224 1122 principiis

136 1143 249 1225 quibus
264 1143 375 1207 solutio
398 1143 435 1206 de
458 1144 607 1207 locatione
629 1145 671 1206 131
695 1141 860 1222 frugiferae
877 1159 886 1204 ι
903 1141 1160 1221 quemadmodum
1180 1141 1224 1206 ibi

135 1244 178 1307 ita
204 1243 271 1316 bic,
304 1241 470 1305 conductor
496 1242 554 1305 sibl
581 1241 710 1305 assumit
734 1248 860 1304 eventus
885 1239 1087 1304 accidentales
1113 1240 1225 1321 quibus

134 1342 185 1421 jus
200 1341 354 1404 fructuum
370 1349 431 1404 tam
448 1341 490 1404 rei
506 1357 599 1420 quam
620 1340 732 1403 laboris
753 1340 959 1416 submittitur;
977 1339 1030 1402 sed
1052 1340 1178 1420 iusuper
1192 1341 1224 1421 in

136 1450 265 1520 utroque
287 1457 358 1503 casu
382 1439 495 1503 laboris
517 1439 669 1518 imprimis
693 1438 787 1503 valor.
811 1438 865 1517 qui
886 1438 928 1502 ibi
951 1445 996 1502 est
1017 1438 1223 1512 conductoris,

135 1539 187 1602 iric
203 1555 274 1602 vero
289 1537 442 1612 locuturis,
460 1548 607 1618 quantum
621 1539 684 1599 lieri
701 1545 810 1609 potest,
825 1536 928 1600 salvus
941 1553 1008 1600 esse
1023 1537 1122 1600 debet.

177 1637 271 1699 Valor
285 1647 384 1698 autem
400 1636 526 1698 humani
544 1635 657 1698 laboris
678 1635 888 1699 tantummodo
910 1636 942 1698 in
963 1642 1121 1698 3311113310
1143 1636 1223 1698 1333-

138 1736 232 1797 110313
247 1751 410 1815 operarum
428 1751 523 1814 purus
545 1743 575 1795 et
592 1735 658 1796 sine
674 1734 819 1797 mixtione
835 1735 1028 1814 perspicitur.
1046 1737 1086 1798 At
1100 1750 1169 1797 vero
1184 1734 1224 1798 ad

136 1835 219 1898 bunc
232 1835 366 1897 valorem
381 1833 619 1897 mensurandum
636 1849 696 1895 non
711 1833 806 1896 multa
823 1833 936 1896 indicia
952 1833 1034 1913 apud
1048 1834 1225 1897 scolasticos

137 1943 308 1998 occurrunt.
326 1957 339 1990 3
359 1935 399 1996 Le
415 1934 535 2006 salaire,
552 1950 673 2006 merces,
692 1933 733 1995 ita
751 1934 785 1995 [l.
804 1935 914 1996 Brunts
929 1937 975 2010 (1),
994 1944 1039 1996 331
1055 1934 1082 1996 13
1105 1932 1225 2014 prinde

138 2033 269 2098 location
285 2033 324 2096 du
341 2033 458 2096 travail.
478 2035 517 2096 Le
534 2032 670 2112 principe
685 2032 737 2112 qui
753 2050 770 2110 y
786 2032 909 2094 domiue
925 2042 970 2094 est
985 2033 1062 2095 celui
1085 2032 1126 2095 du
1145 2032 1224 2111 juste

136 2132 205 2211 prix
231 2131 284 2195 dos
309 2131 479 2194 services...
503 2132 580 2194 blais
606 2129 724 2210 d'apres
750 2131 821 2210 quoi
845 2132 918 2193 liner
939 2131 1070 2208 3313313
1093 2132 1160 2210 prix
1184 2129 1225 2193 du

137 2230 268 2292 33131131
297 2229 343 2294 03
373 2230 449 2293 n'est
477 2231 563 2309 point
591 2246 664 2292 sans
691 2230 840 2308 quelques
868 2229 1062 2305 indicatione,
1090 2229 1169 2292 mais
1196 2230 1223 2291 si

137 2329 277 2390 raresl...
297 2330 338 2392 La
354 2339 493 2392 coutume
514 2328 623 2408 reglau
644 2328 709 2391 cela
731 2326 748 2389 a
771 2328 800 2391 la
824 2344 1001 2408 campagus,
1020 2328 1056 2390 de
1071 2329 1170 2390 meme
1185 2343 1224 2389 en

137 2427 209 2490 ville
225 2427 302 2490 dans
317 2427 346 2491 la
361 2427 564 2508 corporation,
582 2444 622 2489 on
637 2443 674 2489 ne
689 2425 842 2489 dissertait
856 2444 922 2506 pas.
938 2426 1016 2490 C’est
1030 2442 1085 2506 par
1098 2427 1222 2500 hasard,

137 2524 210 2588 hors
225 2525 278 2588 des
294 2525 385 2588 livres
401 2526 437 2589 de
453 2526 589 2588 doctrine
605 2525 695 2604 qu’on
710 2525 847 2604 apprend
862 2526 992 2604 quelque
1007 2525 1098 2588 chose.
1119 2541 1172 2587 sur
1194 2525 1224 2588 la

138 2623 235 2687 lorme
256 2624 310 2687 des
330 2625 468 2692 salaires.
492 2625 580 2704 313130
602 2623 618 2686 b
641 2624 677 2686 de
699 2625 786 2688 vieux
808 2632 942 2703 comptes
963 2640 1002 2686 ou
1023 2623 1041 2686 a
1063 2624 1116 2687 des
1138 2624 1224 2686 chro-

137 2724 258 2803 niques.
275 2747 288 2780 »
307 2725 455 2788 113311333
471 2724 508 2786 de
531 2724 732 2804 Langensteln
749 2726 783 2800 (a)
799 2723 967 2804 generatim
988 2733 1105 2787 tantum
1130 2741 1224 2787 enun-

139 2822 193 2885 tiat
214 2823 251 2886 de
269 2846 283 2878 «
298 2823 495 2886 laboraturo»
521 2840 528 2884 ;
555 2821 753 2886 «consideret
774 2838 829 2901 pro
850 2830 963 2901 quanto
986 2837 1034 2884 res
1058 2838 1222 2884 3333133-

139 2920 237 2984 dendo
251 2926 367 2984 stolum
381 2939 471 2983 33333
487 2922 668 2984 3331133313
682 2921 779 3000 possit
794 2931 824 2982 et
839 2937 871 2983 se
886 2920 917 2981 in
933 2919 1001 2999 ipso
1017 2927 1224 3000 competenter

139 3020 254 3082 nutrire
275 3028 304 3081 31
327 3018 494 3084 secundum
517 3019 574 3081 boc
599 3017 746 3097 impensis
766 3026 796 3080 et
822 3017 978 3081 laboribus
1003 3018 1224 3081 rationabiliter

139 3117 287 3181 estimatis
303 3128 458 3180 mensuret
471 3127 500 3180 et
516 3118 651 3198 precium
666 3133 803 3197 operum.
821 3117 1035 3181 »decoration
1048 3115 1137 3179 modo
1150 3115 1224 3180 dicit

140 3216 170 3278 S.
187 3215 361 3279 Antoninus
376 3217 569 3280 Florentinus
584 3220 618 3292 (ol
636 3235 644 3280 ;
665 3226 764 3280 311011
780 3217 851 3296 quia
866 3219 892 3280 si
907 3234 944 3280 ex
959 3218 1017 3281 hoc
1032 3233 1093 3280 nou
1112 3218 1224 3297 accipit

140 3313 394 3396 13313113111313
421 3315 537 3401 lucrum
563 3316 599 3379 de
626 3315 729 3379 labore
755 3332 809 3379 suo
836 3317 1003 3380 secuudum
1030 3331 1223 3379 communem

141 3413 373 3487 estimationem,
395 3413 449 3476 sed
470 3414 694 3477 diminutum...
712 3414 764 3477 sed
787 3415 860 3494 quia
882 3430 997 3495 pauper
1018 3424 1064 3477 est
1085 3423 1114 3478 et
1135 3414 1224 3476 debet

140 3527 207 3574 eum
223 3512 359 3591 accipere
378 3513 469 3576 etlam
491 3514 587 3576 multo
611 3515 714 3576 minus
735 3520 769 3576 ul
789 3531 823 3576 33
842 3520 871 3576 31
891 3513 1043 3592 [omilium
1062 3516 1218 3582 sustentet,

141 3619 211 3674 tuuc
240 3612 344 3692 utique
373 3613 534 3675 setariolus
564 3613 622 3676 sibi
652 3623 769 3676 tenetur
798 3614 870 3678 dare
897 3614 1220 3694 supplementum...»

141 3713 273 3778 laudem
296 3722 400 3779 notatu
423 3715 515 3796 digna
536 3725 608 3778 sunt
628 3733 705 3795 quae
726 3716 807 3796 apud
831 3716 920 3780 card.
937 3716 974 3779 de
990 3717 1072 3796 Lugo
1088 3716 1123 3791 le)
1140 3714 1223 3776 inve-

171 3917 205 3980 ul
223 3915 260 3972 Gl.
273 3931 314 3982 op.
328 3931 362 3978 3.,
376 3931 403 3983 p.
417 3915 465 3971 118
477 3929 525 3979 333
546 3905 573 3974 Ε.
587 3917 624 3971 bu
643 3916 758 3980 Gruanu,
779 3931 821 3982 op.
834 3931 868 3979 e.,
887 3931 914 3982 p.
929 3915 976 3972 101
992 3929 1029 3970 33.
1047 3915 1104 3980 (ubi
1122 3914 1224 3970 videsis

141 3997 671 4064 3131133331(1313333133133310133).
1098 4000 1102 4008 “

172 4082 205 4144 (b)
223 4079 260 4136 cl.
281 4083 321 4134 De
338 4081 526 4141 contractibus,
546 4095 609 4146 pars
626 4083 646 4144 l,
666 4095 691 4136 o.
710 4081 742 4136 11
753 4079 863 4142 (3113131
875 4079 947 4146 apud
960 4080 990 4133 V.
1004 4079 1121 4144 Bnaurs,
1133 4093 1176 4144 op.
1188 4093 1224 4143 3.,

142 4163 258 4307 ῃ111191ζ1.
271 4246 383 4299 &mmo
396 4247 486 4310 theol,
499 4247 541 4302 tit.
556 4248 578 4310 l,
589 4261 614 4302 3.
628 4248 704 4312 111111,Ι
717 4248 728 4310 l
741 4245 765 4302 8.

173 4327 206 4389 (4)
222 4326 260 4383 Cl.
273 4342 315 4392 03.
327 4343 362 4394 3.,
376 4328 446 4394 disp.
460 4329 548 4392 1111111,
561 4333 627 4386 seut.
640 4331 684 4395 111,
697 4344 724 4385 3.
738 4330 779 4386 61.
