3242 4959
431 483 496 528 can.
513 483 545 529 u.
562 483 600 528 ne
615 483 779 530 coenatore
794 483 920 529 caenum.
1161 466 1220 530 ata

130 647 210 712 citer
238 646 377 727 praefero
405 648 567 728 pecuniam
596 663 665 711 oum
699 647 787 711 titulo
821 647 896 710 lucri
932 647 1080 711 cessantis
1116 654 1222 712 mutuo

130 747 252 810 offerre.
268 747 352 808 iuste
367 745 404 808 de
421 744 504 808 lucro
523 753 594 808 tunc
613 745 770 824 stipulatio
786 745 830 822 lit,
846 761 916 808 cum
931 745 1049 808 lucrum
1072 759 1177 808 reuera
1191 753 1222 808 et

132 845 280 923 objective
303 859 422 908 cessare
442 853 642 925 supponatur.
665 844 744 918 Quid
765 853 866 907 autem
897 843 989 908 refert
1016 843 1098 924 quod
1123 852 1222 907 cesset

132 945 206 1024 quia
222 945 263 1007 ita
278 943 446 1018 statuerim,
463 959 533 1007 cum
548 951 644 1006 cesset
659 947 780 1006 reueral
799 952 829 1007 et
843 943 983 1023 utramuis
997 942 1105 1005 malint
1127 942 1220 1006 lucri·

129 1043 234 1107 iacere
249 1042 383 1118 aliunde,
403 1042 509 1105 sinon
523 1057 645 1122 possem
661 1051 810 1117 mutuare,
828 1050 930 1105 tamen
941 1042 1084 1122 praefero
1100 1040 1222 1122 simpli-

130 1141 210 1205 citer
225 1150 330 1204 mutuo
347 1139 534 1216 lucrifacere,
551 1157 620 1202 eum
636 1141 752 1220 possim
768 1149 918 1204 mutuare.

176 1239 259 1314 Quae
274 1238 414 1301 voluntas
429 1239 470 1302 ita
486 1237 692 1302 conditionata
706 1239 732 1300 si
750 1239 861 1302 suffieit
875 1237 913 1301 ad
928 1239 1051 1302 titulum
1068 1238 1144 1302 lueri
1160 1254 1223 1302 ces·

130 1337 242 1410 santis,
260 1345 291 1399 at
305 1337 480 1400 nuliatenus
495 1337 605 1400 sufficit
617 1337 756 1400 voluntas
768 1335 907 1399 obsoleto
918 1336 1079 1417 pecuniam
1091 1336 1221 1398 otiorum

129 1433 345 1508 consonandi,
368 1451 422 1498 seu
443 1435 477 1498 in
498 1451 568 1499 arca
591 1434 735 1515 ponendi,
753 1435 814 1497 nisi
831 1444 935 1498 mutuo
950 1434 1095 1498 lucrifieri
1108 1435 1218 1514 possit.

132 1536 171 1600 Et
186 1535 219 1598 in
234 1534 443 1614 superioribus
458 1534 664 1615 probavimus.
681 1533 846 1614 nequidem
868 1534 981 1597 nudam
1002 1533 1221 1614 obligationem

130 1632 262 1716 pecunia
278 1631 401 1695 carendi
416 1633 490 1696 huic
506 1633 653 1696 voluntati
671 1632 829 1696 absolutae
850 1631 985 1696 additam
1004 1648 1060 1713 per
1083 1640 1223 1696 mutuum

132 1747 239 1794 revera
249 1731 371 1803 initum,
382 1730 463 1809 iuste
475 1730 733 1811 compensandam
745 1747 812 1793 esse
822 1747 830 1794 ε
840 1747 910 1794 cum
921 1730 1003 1794 enim
1014 1745 1174 1811 possessor
1183 1730 1222 1793 ad

134 1829 298 1911 pecuniam
314 1827 524 1892 inioeoundam
539 1830 719 1893 servandam
734 1829 864 1910 positive
884 1828 1103 1893 determinatus
1117 1830 1168 1905 sit,
1185 1846 1223 1892 ne

131 1927 283 2008 possibile
297 1926 424 2006 quidam
438 1935 485 1990 est
499 1936 532 1990 ut
547 1928 666 1991 lucrum
681 1939 788 1991 cesset.
806 1929 889 2002 Quae
904 1927 1055 2003 voluntas,
1073 1935 1106 1990 ut
1126 1935 1219 2008 patet,

130 2043 151 2090 a
171 2024 363 2107 praecedenti
379 2041 504 2106 prorsus
517 2025 617 2089 differt
634 2043 641 2090 :
658 2027 720 2102 hic,
744 2026 804 2088 nisi
826 2027 956 2107 pecunia
979 2035 1084 2090 mutuo
1108 2026 1221 2090 credita

134 2124 256 2200 luisset,
273 2124 411 2188 absoluta
427 2123 594 2186 intentione
609 2123 642 2185 in
657 2138 728 2186 arca
745 2124 889 2187 manebat
904 2125 1052 2205 reposita3
1068 2124 1144 2199 illio,
1161 2123 1220 2186 nisi

130 2232 274 2288 mutuata
299 2223 419 2299 luisset,
443 2222 582 2286 absoluta
607 2222 774 2286 intentione
803 2224 856 2286 alii
882 2224 1048 2287 contractui
1074 2222 1221 2304 frugifero

131 2323 320 2402 subiacebat.
339 2321 422 2396 Quae
436 2321 605 2385 differentia
620 2321 720 2386 adhuc
734 2322 835 2402 magis
849 2322 1002 2398 elucescit,
1021 2323 1046 2385 si
1062 2323 1223 2403 respicitur

135 2423 174 2486 ad
196 2421 405 2486 difficultatem
427 2435 519 2499 quam
541 2421 573 2482 S.
590 2420 768 2500 alphonsus
783 2422 817 2497 (tl
833 2430 937 2484 contra
959 2421 1091 2502 priorem
1114 2421 1222 2485 volun·

135 2532 229 2585 tatem
244 2521 355 2601 ponit:
376 2518 463 2583 «Sed
479 2519 563 2582 dites
580 2535 587 2581 :
606 2519 663 2582 isle
685 2535 809 2582 usuram
832 2520 1004 2595 committit,
1029 2521 1101 2600 quia
1122 2521 1222 2583 effica-

130 2621 212 2684 citer
235 2620 301 2682 vult
325 2617 436 2682 lucrari
464 2633 501 2680 ex
526 2624 644 2692 mutuo,
672 2625 702 2680 et
727 2617 921 2681 inefficaciter
942 2633 980 2681 er
1004 2618 1220 2699 negotiatione.

134 2719 175 2782 At
196 2715 373 2798 responderi
398 2722 523 2795 potest:
550 2714 606 2778 iste
627 2715 767 2794 quamvis
787 2715 898 2778 habeat
918 2715 1104 2779 voluntatem
1125 2716 1223 2779 inelli-

134 2831 239 2880 cacem
255 2813 442 2896 negotiandi,
459 2813 524 2876 vult
544 2819 645 2875 tomen
666 2812 826 2891 efficaciter
841 2815 927 2893 juste
947 2814 1075 2889 lucrari,
1099 2824 1129 2878 et
1148 2815 1223 2895 puio

124 2915 199 2994 jum
211 2918 313 2993 potest
321 2913 406 2991 juste
421 2909 537 2973 lucrari
553 2927 591 2972 ee
605 2910 822 2988 nepotiatiooe,
840 2910 908 2974 ideo
928 2911 1009 2990 iuste
1033 2912 1167 2976 lucratur
1188 2929 1225 2976 ex

135 3019 254 3084 mutuo,
274 3025 344 3072 cum
360 3016 499 3071 mutuum
515 3008 555 3070 sit
570 3007 641 3070 lruio
656 3022 737 3070 vera«
747 3017 777 3070 et
798 3008 904 3072 efficax
924 3024 1027 3085 causa,
1050 3017 1084 3073 ut
1106 3011 1224 3074 luorum

122 3126 172 3174 ex
189 3109 393 3191 negotiatione
414 3108 473 3189 ipsi
489 3118 596 3172 cesset.
612 3129 627 3164 ι
644 3107 731 3182 Quod
745 3122 851 3170 verum
865 3116 912 3170 est
930 3107 968 3171 de
983 3110 1135 3173 voluntate
1154 3126 1224 3173 con·

131 3210 286 3274 ditionata
304 3207 467 3289 superiori,
489 3216 520 3270 at
540 3222 602 3270 non
623 3207 660 3270 de
682 3207 835 3270 voluntate
858 3209 952 3270 altera
975 3224 983 3270 :
1007 3225 1068 3289 qua
1090 3209 1224 3289 praecise

135 3316 329 3390 supponatur
353 3321 513 3389 possessor
535 3322 598 3367 noo
622 3305 697 3369 uelle
721 3305 881 3384 efficaciter
906 3306 987 3384 juste
1017 3308 1140 3384 lucrari,
1171 3307 1224 3372 sed

135 3408 240 3488 potius
257 3406 332 3470 velle
347 3405 508 3470 efficaciter
523 3405 568 3468 vel
583 3422 645 3468 noo
660 3404 788 3480 lucrari,
807 3404 852 3468 vel
870 3414 975 3469 mutuo
992 3405 1114 3469 lucrari.
1131 3408 1169 3470 Et
1183 3407 1224 3470 ita

134 3523 245 3570 rursus
259 3514 343 3586 patet
356 3520 426 3568 oum
441 3504 494 3568 tali
507 3504 662 3568 volumtate
677 3520 747 3567 eum
759 3519 795 3567 ex
806 3512 913 3569 mutuo
925 3505 1037 3569 lucrari
1049 3521 1109 3570 non
1120 3522 1222 3586 posse,

132 3605 199 3668 nisi
215 3604 293 3668 ialso
307 3602 484 3667 admittatur
498 3619 535 3666 ex
550 3611 656 3666 mutuo
672 3618 732 3682 qua
754 3603 807 3666 tali
830 3611 864 3666 ut
885 3620 922 3667 ex
942 3604 1092 3669 locatione
1113 3605 1223 3668 lucrari

132 3720 241 3785 posse.

179 3801 240 3867 Sed
262 3801 389 3864 ulterius
409 3799 666 3882 progrediendum
688 3807 734 3863 est
752 3815 788 3864 ac
803 3801 1009 3880 quaerendum
1024 3810 1137 3878 utrum,
1153 3801 1223 3866 data

134 3897 216 3962 lueri
231 3898 263 3960 in
279 3895 483 3977 negotiatione
495 3895 720 3976 probabilitate,
738 3895 776 3958 ad
791 3905 914 3977 paetum
928 3897 966 3962 de
983 3897 1065 3962 luero
1086 3905 1223 3961 cessante

132 3995 271 4061 sufficiat
292 4010 386 4060 neone
407 3995 548 4058 voluntas
570 3994 673 4059 minus
696 3995 753 4059 lixa
774 4012 782 4058 ε
806 4011 915 4077 nempe
935 3996 962 4059 si
984 4012 1046 4060 non
1066 3996 1225 4060 efficaciter

170 4216 209 4281 (l)
226 4216 264 4274 Gi.
283 4219 423 4285 Theolopiu
434 4220 556 4284 morales,
570 4217 591 4277 l.
602 4219 645 4284 IV,
658 4222 694 4275 ir.
707 4219 737 4284 V,
751 4233 779 4275 n.
792 4219 851 4276 iti.
