3242 4959
386 461 447 526 264
726 489 728 494 ·
753 475 826 528 raes
840 476 961 521 nerent.
979 476 1058 521 secr.
1076 475 1108 520 rr.

387 646 476 710 sibile
500 644 647 721 videatur,
674 645 759 708 hisce
784 644 958 718 abstractis,
985 643 1154 707 doctrinam
1181 652 1260 707 recte
1290 643 1466 723 intelligere.

387 745 462 809 Cum
477 745 580 808 bacin
595 761 627 808 rc
642 743 822 825 plerumque
841 754 972 823 ponatur
993 743 1069 806 lucri
1089 742 1162 821 iusti
1184 743 1216 804 in
1237 753 1343 805 mutuo
1362 740 1469 804 lunda-

385 853 522 906 mentum
534 843 625 906 simul
637 860 671 907 ae
682 843 768 924 origo
780 843 943 916 abusuum,
954 859 1016 905 non
1027 841 1285 904 mimmauctores
1296 841 1470 920 bicsemper

386 943 603 1022 circumspecto
620 940 711 1006 modo
726 957 905 1023 progressos
918 957 996 1004 esse.
1006 941 1043 1004 m
1052 941 1176 1020 quidem
1188 940 1227 1002 iis
1238 939 1291 1019 qui
1306 938 1468 1004 evolutioni

386 1039 591 1104 doctrinarum
613 1041 868 1104 oeconomicarum
885 1032 1007 1102 student
1028 1039 1067 1102 ab
1088 1037 1211 1101 exordio
1233 1038 1324 1101 bledii
1347 1037 1412 1100 aeri
1433 1036 1478 1099 ad

385 1149 488 1202 nostra
513 1155 608 1218 usque
630 1147 778 1220 tempora,
804 1138 938 1201 maxima
961 1136 1124 1201 difficultas
1145 1137 1269 1200 facessit
1294 1136 1410 1199 theoria
1435 1136 1469 1198 dc

386 1235 469 1300 lucro
485 1246 631 1300 cessante.
650 1237 743 1313 Curius
759 1236 838 1299 tituli
854 1236 986 1298 evolutio
1006 1235 1032 1297 si
1055 1245 1192 1298 accurate
1213 1233 1466 1308 manilestaretur,

384 1336 480 1399 multa
500 1353 572 1399 sane
593 1336 692 1416 primo
712 1337 824 1398 intuitu
845 1334 1072 1415 inexplicabilia
1093 1335 1326 1414 explicarentur.
1343 1335 1380 1398 Et
1402 1351 1469 1413 spe-

385 1433 488 1496 ciatim
504 1434 646 1514 pleraque
662 1434 896 1514 explicarentur,
911 1433 936 1495 si
949 1432 1158 1496 ostenderetur
1168 1432 1321 1512 quomodo
1333 1441 1362 1496 ct
1377 1448 1470 1511 quan·

385 1533 496 1597 donum
512 1533 618 1597 titulus
632 1534 682 1598 hic
697 1534 853 1597 transierit
871 1551 889 1597 3
911 1534 1057 1613 requisita
1075 1533 1258 1614 probatione
1273 1532 1421 1612 positivo,
1437 1542 1469 1594 ut

385 1635 553 1697 auctarium
568 1635 693 1715 gignere
708 1634 817 1715 possit,
835 1633 873 1696 ad
890 1633 1172 1715 praesumptionem
1196 1631 1468 1713 313331313αηὶ33-

383 1731 487 1807 solem,
506 1731 547 1794 ita
563 1741 595 1793 ut
610 1732 696 1811 quasi
713 1733 879 1812 generatim
895 1732 1064 1796 auctarium
1079 1731 1184 1811 gignat
1204 1731 1263 1793 nisi
1283 1731 1467 1794 contrarium

384 1831 537 1910 probetur.
552 1833 589 1894 Α1
602 1842 794 1912 nonoportet
809 1841 843 1894 ut
857 1833 1004 1894 transitus
1019 1832 1089 1894 talis
1100 1831 1302 1894 evolutionem
1315 1829 1468 1893 doctrinae

384 1930 536 2009 importet,
554 1931 606 1993 sed
628 1942 746 1993 tantum
767 1947 965 2011 progressum
988 1931 1064 1992 ritae
1086 1930 1184 2010 ipsius
1200 1930 1416 1993 oeconomicae.
1434 1929 1469 1992 lit

337 2065 343 2076 ·
384 2027 436 2102 ita,
454 2029 630 2107 praesertim
646 2029 717 2092 inde
733 2046 750 2091 a
766 2030 888 2092 saeculo
903 2030 971 2091 XVI
987 2030 1121 2103 ineunte,
1139 2029 1269 2091 multum
1287 2026 1437 2108 pendebat
1451 2043 1468 2088 a

383 2128 473 2190 modo
489 2143 548 2206 quo
565 2128 642 2192 13313
658 2129 929 2208 interpretarentur
950 2137 1100 2202 auctores,
1123 2127 1204 2207 quod
1226 2129 1279 2191 alii
1301 2135 1469 2190 assererent

382 2227 495 2305 requiri
518 2235 550 2288 ut
575 2227 691 2290 lucrum
713 2243 836 2290 cessans
858 2227 890 2288 in
917 2227 1039 2306 singulo
1061 2243 1132 2289 casu
1159 2227 1199 2289 sit
1224 2227 1393 2306 probabile,
1416 2226 1466 2289 alii

382 2326 483 2405 potius
498 2325 635 2389 sullicerc
650 2335 683 2389 nt
699 2327 746 2389 lex
762 2322 995 2388 vel'aestimatio
1011 2326 1183 2389 eommunis
1203 2326 1283 2389 adsit
1301 2327 1467 2390 auctarium

382 2424 560 2502 permittens
575 2433 605 2486 et
621 2424 695 2488 lucri
712 2423 859 2487 cessantis
874 2423 1009 2487 lundens
1024 2425 1313 2503 praesumptionem.
1329 2425 1464 2503 insuper,

381 2523 512 2584 multum
527 2521 619 2585 refert
633 2522 782 2603 inspicere
798 2533 901 2585 utrum
917 2523 1081 2601 scriptores
1100 2523 1132 2584 in
1154 2523 1239 2602 praxi
1260 2523 1412 2586 seueritati
1433 2538 1467 2584 ac

380 2619 543 2700 rigorismo
566 2619 710 2694 laterent,
734 2637 829 2684 necne
847 2638 854 2683 :
873 2629 902 2683 et
923 2621 1002 2695 ideo,
1026 2622 1146 2701 cognita
1168 2621 1302 2701 generali
1325 2621 1467 2684 scientiae

380 2720 506 2783 moralis
528 2720 629 2783 indole
655 2737 709 2800 per
733 2721 888 2784 saeculum
914 2722 1024 2791 XVlll,
1050 2738 1111 2784 non
1137 2721 1249 2785 mirum
1274 2738 1382 2784 omnes
1407 2720 1466 2784 iere

380 2829 519 2881 auctores
534 2828 605 2882 tunc
619 2820 743 2894 arctius,
761 2831 793 2881 ut
808 2820 937 2894 uidetur,
959 2820 1081 2882 titulum
1104 2820 1181 2883 lucri
1204 2820 1352 2884 cessantis
1374 2821 1466 2883 inter·

379 2926 513 2997 prelatos
529 2933 594 2979 esse
610 2919 656 2995 (t).
675 2917 760 2992 Quod
780 2918 915 2997 quidem,
933 2929 966 2980 ut
987 2927 1123 2982 notatum
1148 2928 1194 2981 est
1214 2935 1319 2998 supra,
1336 2920 1466 2981 maxime

380 3016 413 3077 in
429 3017 632 3079 controversia
648 3016 685 3080 de
700 3033 792 3079 usura
807 3026 853 3078 est
869 3016 1033 3096 lugendum
1053 3034 1060 3080 :
1078 3018 1217 3096 quamvis
1232 3018 1315 3080 enim
1330 3017 1466 3098 plerique

380 3122 452 3176 tunc
467 3114 611 3194 theologi,
629 3115 783 3178 traditioni
800 3115 1034 3187 consentientes,
1052 3115 1184 3194 genuina
1204 3115 1332 3177 rationis
1353 3114 1465 3194 princi-

379 3213 431 3293 pia
446 3222 683 3293 propugnarent,
702 3223 802 3277 tamen
819 3215 925 3277 eadem
941 3215 1071 3294 practice
1088 3215 1174 3278 nullo
1196 3230 1342 3294 generoso
1365 3216 1465 3278 animo

379 3407 578 3464 millionnaires
598 3407 751 3474 europeens
771 3411 835 3464 sont
854 3408 904 3467 des
923 3408 1035 3473 ascetes,
1056 3409 1105 3465 des
1126 3408 1263 3476 penitents
1282 3410 1400 3474 indiens,
1419 3410 1467 3466 des

378 3492 496 3558 stylites,
508 3491 556 3557 qui
573 3487 614 3546 un
632 3491 694 3558 pied
713 3506 763 3548 sur
781 3507 836 3549 une
853 3490 979 3552 colunne.
992 3492 1018 3548 le
1036 3494 1128 3559 visage
1145 3493 1244 3557 bieme,
1264 3494 1304 3550 les
1315 3494 1380 3550 bras
1397 3499 1425 3551 31
1442 3494 1467 3549 13

376 3587 459 3641 corps
476 3572 595 3640 penetres
611 3587 648 3629 en
665 3576 754 3636 avant,
767 3574 881 3631 tendent
893 3575 954 3630 leur
964 3575 1075 3631 assiette
1086 3590 1121 3631 au
1134 3577 1233 3642 peuple
1246 3591 1317 3643 pour
1329 3576 1467 3633 recueillir

379 3655 405 3713 le
422 3657 519 3713 salaire
537 3655 571 3713 de
589 3656 665 3712 leurs
684 3657 843 3723 privatione.
857 3650 896 3714 liu
912 3656 1005 3712 miliou
1023 3656 1061 3713 du
1080 3672 1185 3724 groupe
1202 3659 1283 3724 saint,
1297 3657 1394 3715 s'eleve
1411 3657 1467 3713 tres

378 3738 445 3795 baut
456 3739 600 3795 au·dessus
618 3739 652 3796 de
670 3753 714 3796 ses
732 3739 914 3806 copenitents,
926 3753 1033 3796 comme
1044 3741 1164 3806 premier
1174 3740 1265 3797 asceta
1275 3745 1303 3797 et
1315 3746 1429 3808 martyr,
1442 3740 1467 3796 la

377 3820 484 3876 maison
504 3821 681 3877 liolbscbildl
703 3819 780 3877 Voil'a
800 3821 872 3876 l'elat
892 3821 927 3877 de
947 3821 972 3877 la
992 3821 1109 3877 socielel
1132 3822 1272 3878 comment
1294 3822 1358 3890 ai-je
1381 3838 1418 3890 pu
1441 3822 1465 3877 le

378 3903 563 3960 meconnaitre
586 3902 601 3959 d
623 3919 655 3960 oe
678 3905 798 3971 331311»
819 3907 937 3969 (Capitol
960 3912 985 3958 ct
1009 3907 1118 3970 trooot't,
1141 3906 1210 3961 trad.
1231 3905 1329 3971 llalon,
1351 3922 1379 3973 3.
1402 3907 1483 3969 lltc‘

377 3981 456 4050 311).
470 3988 597 4049 Amorne,
610 4002 651 4052 op.
665 4003 697 4051 c.,
712 4002 739 4054 p.
752 3985 802 4043 503
814 3987 848 4048 s.)

411 4067 446 4128 (1)
463 4069 520 4124 lmo
539 4083 621 4135 supra
639 4069 720 4135 (3.1.
740 4083 766 4124 n.
782 4069 806 4131 3)
824 4069 1001 4136 allegavimus
1018 4073 1205 4128 testimonium
1224 4073 1253 4128 P.
1273 4067 1406 4138 Concrxx,
1418 4073 1464 4139 qui

377 4149 476 4205 asserit
488 4151 636 4207 nonnullos
652 4151 813 4217 catholicos,
826 4152 917 4209 medio
936 4153 988 4209 boc
1005 4153 1125 4220 saeculo,
1138 4154 1218 4209 illum
1235 4155 1348 4211 titulum
1367 4155 1465 4212 iterum

379 4244 561 4298 impugnasse.
