3242 4959
373 462 442 527 *boo
746 482 818 528 raas
832 483 953 530 numm.
970 483 1050 530 snex.
1067 484 1100 528 rr.

375 651 481 707 serunt
499 643 643 708 «ratione
658 645 808 709 carentiae
823 646 981 726 pecuniae,
998 663 1052 712 seu
1071 647 1274 729 obligationis
1294 663 1358 710 non
1379 661 1467 725 repe·

377 742 461 806 tendi
477 753 546 807 ante
562 751 676 808 eertum
695 754 828 825 tempus,
853 761 944 825 posse
964 746 1081 826 aliquid
1103 748 1183 828 exigi
1201 764 1209 811 :
1226 755 1261 810 ut
1283 747 1309 810 si
1330 753 1468 809 mutuom

376 840 434 904 tibi
461 841 541 906 1000
566 857 675 906 aureos
700 842 738 905 ad
764 859 860 906 unum
888 860 1015 919 annum,
1044 845 1168 924 privans
1195 861 1245 910 me
1274 861 1336 909 non
1356 843 1468 907 nsolum

377 939 518 1019 pecunia,
537 939 590 1002 scd
605 940 697 1003 etiam
711 939 853 1005 facultate
868 942 1021 1022 repetendi
1038 958 1092 1023 per
1113 951 1230 1007 tantum
1252 950 1374 1022 tempus
1387 964 1402 997 a
1416 942 1465 1019 (t).

376 1037 501 1101 Lessius
515 1039 693 1118 praesertim
708 1039 843 1104 rationes
857 1040 981 1121 collegit
995 1040 1107 1120 quibus
1125 1043 1198 1106 baec
1221 1041 1372 1106 sententia
1393 1056 1467 1103 oon·

377 1133 566 1211 firmaretur;
580 1144 610 1199 et
621 1137 790 1216 quamuisa
806 1139 1003 1202 consectariis
1014 1140 1166 1219 practicis,
1181 1155 1236 1219 pro
1248 1155 1305 1202 suo
1317 1147 1466 1218 tempore,

376 1231 562 1310 abhorreret,
577 1244 678 1319 tamen
690 1236 844 1300 concludit
859 1252 866 1299 :
882 1258 897 1294 s
911 1236 968 1300 bae
982 1238 1115 1301 rationes
1127 1237 1222 1302 videri
1238 1238 1359 1319 possint
1373 1234 1468 1300 alicui

375 1331 562 1412 probabiles,
581 1337 759 1414 praesertim
776 1337 892 1399 tortia»
910 1339 956 1414 (a).
974 1339 1065 1417 Atqui
1082 1338 1169 1402 tertia
1183 1339 1258 1402 baec
1272 1336 1364 1401 nobis
1382 1335 1468 1398 uide·

376 1439 426 1494 tur
440 1432 478 1495 ad
494 1435 703 1512 quaestionem
718 1451 780 1498 non
795 1434 978 1516 pertingere.
992 1437 1074 1515 quod
1085 1438 1282 1502 confirmatur
1296 1453 1334 1500 ex
1344 1434 1468 1498 silentio

377 1529 550 1594 cardinatis
571 1532 608 1595 de
632 1534 715 1614 Lugo
742 1535 778 1610 (3)
802 1534 867 1613 qui,
892 1543 1070 1614 argumenta
1092 1536 1189 1600 Lessii
1211 1535 1404 1607 examinans,
1429 1532 1469 1596 de

376 1629 465 1692 tertia
480 1645 518 1692 ne
538 1630 664 1695 uerbum
686 1631 810 1710 quidem
832 1632 933 1695 babet.
950 1634 1173 1712 Argumentum
1193 1633 1276 1696 enim
1298 1633 1358 1696 lroc
1377 1631 1469 1694 desu-

375 1727 470 1790 mitur
484 1745 521 1791 ex
535 1728 754 1792 consuetudine
776 1731 891 1793 Bursao
912 1732 1154 1811 Antrerpiensis‚
1171 1732 1223 1795 ubi
1245 1733 1325 1794 inter
1348 1745 1468 1801 mercaf

375 1832 457 1889 tores
471 1836 652 1889 convenerat
673 1828 839 1891 carentiam
862 1829 1008 1907 pecuniae
1031 1845 1085 1909 per
1106 1838 1223 1893 tantum
1244 1839 1366 1910 tempus
1390 1827 1468 1901 tanti

375 1924 598 1988 aestimandam
613 1942 690 2001 esse,
711 1943 808 1991 «cum
824 1929 906 1991 enim
922 1929 1050 2009 pecunia
1065 1929 1104 1992 sit
1119 1931 1355 1998 instrumentum
1371 1943 1468 2007 nego·

377 2021 485 2098 tioudi,
502 2030 532 2086 et
545 2024 665 2104 privare
680 2041 712 2088 se
727 2026 930 2090 instrumento
950 2044 1022 2090 suae
1044 2029 1119 2092 artis
1140 2029 1180 2092 sit
1202 2029 1299 2109 pretio
1321 2027 1468 2090 aestima-

376 2120 438 2185 bile
452 2144 479 2184 ».
497 2124 603 2186 Merito
623 2133 722 2188 autem
745 2127 810 2204 ipse
832 2125 995 2206 respondet
1018 2143 1025 2189 ε
1051 2129 1212 2191 «carentia
1233 2127 1382 2208 pecuniae
1403 2140 1468 2188 non

374 2229 423 2287 est
450 2222 547 2301 pretio
576 2223 788 2298 aestimabilis,
820 2225 880 2286 nisi
907 2225 1024 2288 ratione
1049 2226 1178 2305 alieuius
1204 2225 1393 2290 incommodi
1419 2223 1468 2287 vel

375 2319 503 2400 periculi
519 2320 683 2398 conjuncti.
701 2344 714 2377 x
732 2321 891 2385 Addamus
906 2323 1009 2398 etiam,
1027 2324 1109 2402 quod
1124 2331 1154 2387 et
1173 2331 1278 2403 postea
1300 2322 1469 2386 dicendum

376 2418 444 2494 erit,
464 2419 653 2498 «pecuniam
667 2419 908 2482 instrumentum
919 2421 1164 2499 negotiationis»
1180 2438 1249 2486 eum
1266 2422 1394 2485 ueritate
1405 2421 1469 2484 dici

375 2519 408 2580 in
433 2517 536 2598 aliquo
558 2535 660 2593 sensu,
684 2534 744 2582 non
766 2535 836 2581 vero
859 2518 891 2580 in
912 2519 970 2582 boc
991 2536 1082 2583 sensu
1107 2522 1189 2602 quod
1216 2522 1248 2584 in
1270 2538 1304 2585 se
1329 2529 1364 2583 ut
1385 2520 1469 2582 reale

374 2615 613 2680 instrumentum
638 2626 826 2697 permaneat.
854 2618 891 2681 Et
919 2617 970 2679 hic
995 2628 1041 2681 est
1069 2620 1149 2683 idem
1179 2621 1290 2685 modus
1319 2618 1469 2700 loquendi

377 2717 556 2797 figurativus
571 2733 661 2796 quem
677 2733 769 2797 supra
792 2717 829 2780 de
847 2740 861 2774 ‹
879 2719 1025 2797 pecuniae
1045 2721 1269 2798 fecunditate»
1287 2720 1370 2801 apud
1392 2722 1468 2785 Les,-

373 2815 453 2878 sium
484 2816 667 2879 notavimus.
695 2817 731 2878 Et
757 2816 836 2890 ideo,
865 2816 950 2893 juxta
978 2833 1159 2897 responsum
1188 2819 1286 2899 ipsius
1316 2817 1464 2892 auctoris,

374 2913 503 2992 privatio
532 2913 623 2992 bujtrs
647 2914 906 2976 «instrumenti»
930 2915 988 2976 erit
1015 2916 1112 2993 pretio
1140 2916 1344 2979 aestimabilis
1373 2913 1466 2979 modo

373 3011 453 3074 tituli
469 3012 629 3075 extrinseci
647 3012 759 3086 adsint,
776 3022 804 3074 ct
816 3012 991 3074 nullatenus
1005 3029 1042 3075 ex
1057 3021 1164 3077 natura
1179 3015 1393 3091 instrumenti;
1412 3013 1465 3093 qui

372 3109 466 3183 tituli,
483 3126 556 3173 casu
571 3110 652 3184 dato,
671 3110 893 3173 rationabiliter
913 3111 1067 3189 praesumi
1089 3113 1252 3191 potuerint,
1270 3114 1368 3177 donec
1390 3129 1464 3176 eon-

373 3209 501 3272 trarium
516 3210 678 3289 probatum
693 3207 784 3272 luerit
799 3211 846 3285 (4).

372 3425 459 3475 rmus,
476 3414 665 3477 &rependium
678 3413 814 3480 toaotopzu
825 3415 946 3477 moratis,
957 3415 993 3468 tr.
1004 3415 1047 3479 111,
1059 3429 1083 3470 c.
1093 3415 1119 3480 5,
1132 3429 1160 3482 (i-
1173 3417 1198 3470 0.
1209 3415 1256 3476 (61.
1270 3430 1304 3471 ura
1316 3417 1404 3482 Luco,
1418 3417 1464 3481 du,

371 3508 400 3549 n.
415 3494 465 3553 16).
478 3493 619 3550 ——Contra
632 3494 702 3549 banc
712 3497 803 3550 autem
816 3495 979 3550 sententiam
990 3494 1025 3550 de
1036 3495 1128 3552 valore
1136 3498 1280 3562 temporis,
1294 3501 1325 3554 ut
1343 3498 1463 3561 videtum

372 3575 442 3632 latae
460 3577 526 3631 sunt
545 3575 747 3642 propositiones
759 3575 909 3640 damnatae,
926 3576 971 3630 11·
983 3576 1127 3632 Alexandri
1138 3578 1183 3632 Vll
1193 3577 1277 3640 (1666)
1288 3581 1316 3634 et
1327 3578 1374 3633 11·
1384 3581 1464 3634 inno-

371 3658 454 3713 centii
467 3657 500 3712 lll
511 3655 595 3720 (1610)
609 3674 615 3711 :
629 3654 664 3712 de
675 3655 728 3719 his,
742 3655 776 3711 cl.
796 3671 889 3722 supra.
902 3671 929 3722 p.
943 3657 973 3712 11
987 3671 1021 3720 s.;
1038 3657 1212 3737 illa‘videtur
1229 3673 1361 3725 expresse
1379 3660 1465 3726 respi-

369 3753 432 3796 cere
443 3739 601 3806 opinionem
613 3739 647 3793 ab
659 3737 714 3794 illis
726 3738 863 3804 theologis
875 3742 1086 3806 propugnatam3
1105 3740 1171 3796 baec
1188 3742 1308 3798 valorem
1328 3743 1465 3809 temporis

370 3820 463 3877 forsan
474 3821 528 3876 alio
540 3821 592 3877 sub
605 3822 730 3886 respouu
742 3819 907 3884 considerat,
917 3823 945 3876 et
958 3825 1039 3886 prout
1051 3825 1130 3878 sonat
1140 3823 1271 3880 coincidit
1280 3839 1345 3880 cum
1355 3825 1465 3882 theoria

372 3907 497 3960 recenter
508 3916 582 3959 nunc
594 3902 744 3969 proposita.
757 3902 791 3957 de.
803 3916 858 3969 oua
869 3917 934 3959 mox
946 3904 1050 3969 agetur.

404 3985 439 4047 (t)
455 3983 493 4040 61.
507 3984 624 4045 lessius.
637 3997 679 4048 op.
692 3998 727 4049 c,
740 3983 758 4038 l.
772 3984 804 4048 11,
818 3997 843 4038 e.
855 3983 898 4047 00,
912 3982 938 4039 d.
948 3984 994 4039 ll.

404 4059 439 4120 11)
456 4056 494 4114 61.
507 4057 553 4123 dc,
567 4072 595 4112 n.
609 4056 666 4112 106.

403 4131 437 4193 (3)
453 4131 495 4187 dl..
504 4146 539 4186 uu
551 4132 637 4196 ludo,
651 4133 671 4186 t.
684 4146 719 4194 o..
732 4145 759 4186 n.
773 4130 815 4186 15.

402 4205 438 4268 (1)
453 4205 493 4260 En
505 4218 606 4262 novum
617 4205 775 4271 exemplum
786 4207 1010 4270 praesumptionis
1021 4205 1166 4262 titulorum
1178 4207 1408 4265 extrinsecorum.
