3242 4959
397 482 462 528 eur.
480 483 513 528 n.
529 481 889 536 pnoournaeruonrorrr.
1125 463 1188 528 Ἀθ

97 648 208 720 santis,
225 647 297 728 onia
312 647 351 712 de
365 647 444 712 laeto
463 647 584 712 nullum
605 649 661 712 tibi
682 649 802 712 lucrum
822 656 937 724 cassan
960 646 1015 712 sed
1035 647 1112 728 pain
1130 647 1187 710 illo

96 747 168 829 ipso
192 746 340 828 obtipotio
362 747 404 810 od
431 765 494 810 non
523 745 708 812 mundum
736 752 782 810 ert
801 747 905 827 pretio
929 744 1183 809 aestimabilia.»

99 845 199 914 Etiam
220 845 280 910 boo
299 854 449 908 assertum
472 845 604 910 eximius
623 853 729 909 auctor
747 853 782 908 ut
803 843 1182 932 indubitatumproponit.

97 944 219 1017 ouibus
238 944 361 1024 positis,
385 943 527 1025 reprobat
550 943 704 1024 duplicem
729 943 864 1022 priorem
890 941 1125 1022 explicationem
1147 957 1185 1004 ex

98 1043 200 1108 tribus
220 1061 238 1107 a
259 1043 347 1108 Salas
360 1043 502 1123 allegatis
523 1046 576 1122 lt);
600 1044 720 1108 tertiam
741 1043 878 1120 ejusdem
900 1044 1061 1117 munnam,
1082 1065 1098 1098 ι
1113 1041 1187 1121 quia

96 1140 249 1222 obligatio
270 1157 348 1220 quae
368 1157 430 1206 non
452 1150 499 1204 est
518 1141 712 1206 incommodo
733 1142 898 1216 mutuanti,
915 1141 1017 1221 qualis
1035 1138 1186 1214 est'baeo,

99 1249 223 1303 nonest
243 1239 341 1319 pretio
355 1239 598 1312 aestimabilis»,
615 1241 723 1304 eodem
738 1240 802 1320 agri
819 1239 959 1320 exemplo
978 1239 1088 1316 rejicit.
1104 1239 1187 1313 Quo·

98 1338 192 1402 modo
218 1337 313 1418 igitur
333 1339 400 1418 ipse
421 1337 629 1402 difficultatem
650 1338 763 1402 diluit?
783 1340 828 1402 Ne
849 1355 903 1418 per
922 1338 1045 1415 singula
1065 1336 1185 1402 dissur-

99 1455 217 1510 ramus‚
243 1439 402 1519 responsio
428 1440 527 1519 ipsius
552 1439 674 1503 taudem
698 1441 759 1502 buo
779 1439 889 1503 redit:
918 1437 1026 1501 «ideo
1048 1453 1104 1518 pro
1128 1437 1186 1500 bae

98 1539 287 1620 obligatione
315 1546 345 1602 et
372 1555 463 1602 onere
488 1540 531 1615 (in
560 1542 675 1617 mutuo)
701 1555 763 1604 nou
790 1555 882 1619 posse
909 1536 1027 1618 aliquid
1052 1537 1187 1617 amplius

97 1638 217 1717 aooipi;
250 1637 322 1716 quia
354 1644 452 1700 totum
481 1638 539 1701 boo
571 1637 699 1700 solvitur
730 1637 768 1702 ad
800 1636 1016 1717 aequalitatem
1044 1632 1186 1698 solvendo

97 1740 257 1810 motatum,
279 1740 308 1798 et
329 1733 482 1798 reddendo
505 1734 694 1798 tantumdem
709 1740 818 1816 posteo
836 1734 995 1797 mutuanti
1012 1756 1026 1789 ι
1043 1735 1097 1810 l²l;
1114 1747 1188 1795 nam

101 1859 118 1893 ‹
141 1843 271 1910 mnatat,
300 1836 463 1915 pecuniam
491 1835 651 1915 aequalem
679 1833 830 1898 redditam
853 1851 873 1896 a
897 1832 1082 1896 mutuatario
1106 1845 1187 1894 anno

97 1933 240 2014 mouenti
269 1950 339 1998 cum
365 1933 509 1998 facultate
534 1934 587 1998 illa
613 1933 719 1997 utendi
743 1941 806 1996 toto
832 1941 968 2012 tempore
992 1930 1131 2010 mouenti
1156 1937 1187 1992 et

98 2033 317 2113 negotiatione.
345 2042 397 2096 aut
420 2033 482 2096 alia
506 2034 556 2096 via
580 2050 616 2097 er
642 2032 696 2095 illa
722 2030 872 2107 lucrandi,
899 2029 1041 2093 eumdem
1061 2029 1187 2093 omnino

98 2134 236 2198 valorem
250 2142 280 2196 et
293 2133 537 2197 aestimationem
551 2133 663 2196 habere
677 2130 759 2213 apud
774 2131 926 2206 homiues,
941 2147 1012 2193 eum
1026 2129 1092 2203 illa,
1108 2144 1186 2209 quae

97 2247 182 2295 anno
198 2230 389 2312 praecedeuti
406 2231 475 2294 data
490 2230 549 2294 luit
563 2247 633 2294 oum
649 2230 745 2293 simili
760 2229 913 2303 facultate,
930 2229 1010 2291 siout
1027 2226 1187 2307 praedium

96 2337 238 2409 emptum
262 2330 321 2392 boe
345 2344 425 2393 auno
447 2345 510 2392 non
530 2329 630 2407 majus
650 2329 783 2410 pretium
804 2326 910 2407 exigit,
935 2341 1028 2406 quam
1052 2325 1079 2387 si
1105 2324 1185 2389 idem

132 2573 168 2634 (ll
184 2573 274 2627 Prima
293 2571 362 2627 ratio
379 2585 395 2626 a
412 2570 471 2626 Sala
488 2569 601 2637 allegata
620 2571 699 2626 ineo
714 2572 766 2633 est,
777 2571 867 2637 «quia
883 2584 917 2625 ex
935 2570 988 2625 boo
1005 2572 1187 2636 sequerentur

96 2654 196 2711 eadem
207 2653 423 2710 inoonvenieutia
434 2665 505 2718 uuae
514 2654 670 2719 sequuntur
680 2666 715 2708 ex
734 2665 833 2715 usura;
847 2650 965 2706 seouuda
976 2655 1028 2716 est,
1040 2652 1105 2717 quia
1116 2650 1186 2705 obli-

98 2738 175 2804 gatio
186 2735 233 2792 illa
243 2734 354 2791 carendi
370 2735 485 2800 pecunia
501 2737 530 2790 et
547 2748 602 2791 non
620 2733 761 2800 repetendi
778 2738 917 2797 mutuum,
930 2733 1098 2788 sufficienter
1113 2747 1185 2788 eom

100 2822 233 2886 pensatur
244 2818 292 2874 illo
304 2815 532 2884 eommodoouod
542 2822 671 2872 mutuans
680 2816 770 2879 babet,
780 2819 916 2882 quatenus
927 2816 951 2870 si
964 2829 1008 2872 reo
1018 2819 1116 2872 mutuo
1125 2815 1187 2871 data

101 2904 203 2966 pereat.
217 2914 272 2955 non
283 2898 345 2966 ejus
355 2898 455 2955 damno
468 2899 548 2964 perit,
564 2897 612 2954 sed
624 2898 815 2953 mutuatarii.»
832 2896 880 2958 (Cf.
892 2911 927 2951 on
938 2897 1025 2960 Luoo,
1036 2898 1083 2962 ab,
1094 2910 1121 2952 n.
1134 2896 1187 2959 w.)

97 3001 116 3031 «
124 2983 194 3038 liaeo
205 2986 296 3038 mmen
308 2981 377 3037 ratio
388 2980 535 3044 (moundal,
545 2982 621 3035 notat
633 2979 667 3034 de
679 2980 754 3044 ougo
767 2977 879 3043 ibidem,
889 2976 985 3032 frivola
996 2981 1047 3038 est,
1059 2978 1124 3044 quia
1137 2992 1186 3044 pro

100 3065 189 3121 nihilo
208 3065 261 3120 hoo
278 3063 453 3119 commodum
471 3061 543 3129 apud
563 3062 687 3118 homines
704 3061 841 3117 aestimari
859 3059 939 3123 solet,
956 3062 985 3116 et
1001 3060 1110 3124 merito,
1122 3073 1186 3115 oum

99 3149 146 3204 vix
158 3161 309 3214 numquam
320 3147 463 3202 ooeasione
473 3146 563 3202 mutui
575 3144 789 3209 oreditormagis
799 3145 886 3199 tutam
895 3156 953 3198 rem
962 3157 1039 3199 suam
1049 3142 1184 3208 habuerit,

98 3233 129 3285 et
146 3230 247 3296 passim
258 3242 290 3284 ea
301 3229 443 3284 oooasione
459 3231 543 3283 totam
554 3227 597 3282 vel
610 3228 714 3292 partem
725 3225 815 3281 mutui
826 3225 941 3287 amittat,
953 3224 1064 3280 nolente
1074 3223 1118 3280 uel
1130 3237 1187 3280 non

101 3314 214 3376 potente
222 3309 389 3366 mutuatario
400 3308 516 3364 solvere.
523 3324 539 3356 a
547 3309 622 3364 Patet
634 3307 782 3364 seouudam
791 3307 861 3362 hano
870 3307 1013 3370 rabonem,
1023 3309 1056 3361 ut
1067 3306 1187 3374 luponis

101 3407 275 3460 responsum,
287 3394 338 3448 niti
351 3393 379 3448 in
397 3393 586 3449 aestimatione
603 3391 669 3457 [ooo
685 3391 812 3458 alicujus,
829 3394 858 3446 et
874 3390 904 3444 in
920 3389 1025 3456 judicio
1043 3390 1188 3457 utriusque

99 3475 223 3532 auctoris
241 3475 351 3531 videtur
370 3475 553 3542 exaggeratio,
574 3479 606 3531 ut
626 3488 705 3530 suam
725 3474 859 3529 theoriam
879 3471 1031 3528 adstruunt.
1053 3472 1137 3539 Saepe
1160 3472 1188 3526 in

101 3561 200 3613 mutuo
220 3561 309 3624 potest
327 3557 421 3614 haberi
440 3571 537 3614 verum
554 3557 740 3621 eommodum,
760 3569 859 3623 nempe
876 3554 964 3621 major
981 3556 1064 3610 sortis
1083 3569 1189 3611 aaseou

100 3641 180 3702 ratio,
194 3642 223 3695 et
238 3649 319 3706 saepe
333 3653 430 3696 uerum
446 3639 662 3703 inoommodum,
674 3652 773 3704 nempe
788 3638 872 3694 sortis
888 3637 1052 3705 perieulum.
1065 3638 1092 3692 si
1105 3637 1189 3703 igitur

102 3721 148 3776 illa
166 3735 242 3778 mera
259 3721 391 3788 obligatio
408 3722 523 3788 poeonia
542 3721 662 3784 carendi,
680 3724 754 3774 omni
771 3723 869 3776 mutuo
880 3719 1034 3776 essentialis
1047 3723 1076 3774 et
1092 3719 1189 3774 intrin-

38 3859 41 3864 Α
99 3817 172 3867 aem,
191 3803 228 3859 sit
243 3803 348 3872 aliquid
367 3806 456 3869 pretio
472 3803 651 3865 aestimabile.
672 3807 794 3858 remanet
814 3803 947 3858 intactum
966 3803 1133 3868 principium
1152 3800 1187 3857 ab

102 3885 157 3941 illis
176 3887 336 3943 auctoribus
356 3886 497 3953 reiectum,
520 3900 619 3952 nempe
638 3885 833 3951 obligationem
856 3885 1021 3941 mutuatorie
1039 3899 1089 3949 per
1110 3898 1139 3937 oe
1161 3889 1187 3937 et

100 3982 210 4033 semper
224 3981 285 4024 esse
302 3968 561 4036 reeompensandam
575 3987 582 4024 :
594 3982 629 4026 ex
645 3967 781 4034 adjunctis
792 3969 884 4023 autern
894 3966 999 4033 patebit
1010 3970 1103 4022 utrum
1115 3979 1188 4022 eom·

103 4049 187 4105 modo
208 4049 301 4116 aliouo
323 4050 484 4107 aooidentali
511 4049 679 4106 sufficienter
705 4052 939 4116 recompensetur.
963 4049 1038 4104 Unde
1061 4050 1189 4104 mutuum

103 4135 177 4188 esset
187 4135 346 4190 eontraotus
357 4147 407 4200 per
418 4148 448 4190 se
459 4147 603 4190 onerosus.

116 4259 119 4268 .
136 4215 173 4280 lit)
188 4213 228 4272 dl.
239 4216 285 4281 ab,
299 4231 327 4272 n.
340 4216 383 4272 tt.
