3242 4959
356 524 421 569 car.
438 524 471 570 u.
489 522 1007 570 (33393333333333333333133.
1166 507 1226 574 tsi

134 685 163 749 si
192 685 231 750 ab
246 685 341 749 altero
359 684 441 750 tonte
464 685 653 768 productlvo,
679 687 710 750 id
733 694 778 750 est
798 686 913 762 labore,
930 702 979 750 res
997 686 1224 764 abstrabuntur,

131 783 203 847 illis
218 784 309 848 rebus
325 782 490 848 intrinseca
502 784 663 848 lucrositas
674 800 728 848 seu
740 784 865 848 auctarii
882 784 1100 866 productivitas
1115 801 1227 865 agnos·

127 883 230 958 citur,
253 900 386 963 quorum
408 900 483 946 usus
505 902 524 945 a
544 882 719 946 substantia
739 883 782 946 sii
802 883 984 964 separabilis
1008 890 1037 947 et
1063 883 1224 955 discretus,

136 981 322 1046 Ulteriorem
333 993 434 1047 autem
448 983 538 1061 buius
550 982 794 1063 productivitatis
809 982 959 1046 rationem
974 998 1036 1046 non
1052 983 1227 1052 invenimus

128 1081 199 1144 nisi
214 1082 314 1145 hanc:
332 1098 422 1145 usum
442 1083 513 1146 talis
528 1082 571 1145 rei
588 1098 654 1145 esse
666 1081 783 1162 aliquid
795 1081 829 1144 in
842 1098 887 1155 se,
901 1098 982 1158 cum,
997 1083 1167 1147 substantia
1182 1083 1226 1151 rei

135 1181 171 1244 in
196 1197 229 1244 se
250 1182 508 1261 permanentem
529 1199 585 1244 usu
606 1181 650 1244 rei
672 1181 769 1260 possit
790 1197 856 1244 csse
878 1181 997 1244 utilitas
1012 1182 1103 1246 etiam
1119 1199 1227 1265 perpe·

126 1287 205 1355 oua;
229 1278 309 1342 unde
325 1279 416 1343 talem
438 1295 528 1342 usum
553 1297 605 1342 seu
621 1279 796 1354 utilitatem,
814 1279 921 1342 eodem
936 1295 1061 1359 prorsus
1080 1279 1171 1343 modo
1192 1296 1227 1344 ac

126 1378 237 1458 ipsam
259 1378 474 1453 substantiam,
491 1379 522 1442 in
538 1395 571 1441 se
586 1395 652 1441 esse
667 1378 901 1452 aestimabilem,
925 1395 960 1441 ac
976 1378 1162 1442 vendibilem
1179 1381 1224 1456 (tl.

135 1477 259 1541 Etenim
275 1493 345 1542 cum
364 1477 492 1557 aliquid.
511 1479 574 1540 sive
594 1495 653 1551 res,
670 1478 734 1540 sive
753 1493 840 1552 usus,
857 1478 919 1542 sive
939 1479 1000 1557 ius.
1018 1479 1094 1542 mibi
1119 1489 1148 1542 et
1171 1479 1226 1542 tibi

124 1575 176 1639 -ad
192 1576 287 1638 vitam
303 1576 496 1640 commodum
512 1586 664 1656 praestare
680 1576 788 1656 possit,
806 1577 1021 1640 commutabile
1037 1578 1070 1640 iit
1084 1587 1113 1641 et
1129 1576 1225 1656 pretio

135 1675 339 1739 aestimabile.
368 1677 513 1740 Normam
535 1683 635 1739 autem
655 1676 768 1754 justam
792 1675 940 1754 eiusmodi
966 1674 1226 1738 aestimabilitutio

134 1788 245 1836 omnes
260 1772 398 1836 doctores
412 1774 549 1853 proxime
565 1790 599 1836 ex
617 1773 770 1836 ecmruuoi
786 1773 1009 1849 aestimatione,
1027 1773 1091 1835 slve
1112 1789 1166 1852 per
1185 1773 1226 1836 lc

128 1886 210 1950 -gem
225 1870 385 1970 principis,
404 1870 467 1934 sire
482 1888 536 1950 per
551 1870 801 1937 consuetudinem
818 1871 946 1945 invecta,
965 1871 1166 1934 desumebaut
1177 1872 1222 1949 (e).

134 2118 243 2180 verum)
255 2119 290 2174 sit
302 2120 415 2174 omnino
428 2119 553 2182 tenenda,
566 2132 677 2184 quaeso,
690 2118 725 2174 dc
737 2126 828 2172 mutuo
841 2118 916 2174 illius
926 2119 1050 2185 capitalis
1061 2119 1086 2181 i«
1096 2134 1134 2174 un
1146 2119 1226 2176 fonds

123 2201 171 2257 de
189 2201 297 2264 terre»)
316 2201 391 2268 locui
410 2207 572 2266 nossemus?
589 2200 727 2267 quodnam
745 2201 861 2267 capitale
876 2202 1077 2268 (sprinclpalu)
1092 2205 1225 2258 mutuata-

136 2286 205 2349 rius,
223 2285 362 2351 ouodnam
379 2284 531 2340 auctarium
547 2287 572 2346 l«
583 2283 715 2346 interit»)
733 2283 848 2341 reddere
871 2285 1007 2340 mutuanti
1030 2284 1158 2340 deberet?
1176 2285 1225 2341 1113

125 2383 171 2424 ue
184 2371 347 2423 reseruatioo
359 2368 454 2424 censui
472 2367 583 2434 cuidem
600 2368 730 2434 applicari
744 2370 864 2434 possent,
877 2367 978 2423 nedum
990 2369 1177 2434 consiliantium
1190 2368 1225 2424 19

122 2464 193 2517 uuo
205 2450 342 2516 imprimis
353 2449 492 2516 agebatur.

167 2531 239 2597 Ergo
258 2545 314 2587 non
333 2531 505 2587 reducendus
522 2534 564 2586 cst
584 2534 742 2586 contractus
759 2530 896 2586 censualis
913 2531 946 2585 31
965 2533 1102 2593 mutuum,
1120 2529 1169 2586 scd
1188 2530 1223 2585 ad

135 2615 510 2682 emptionem-venditionem.
524 2617 555 2670 ut
567 2627 662 2670 revera
680 2614 816 2670 scolastici
834 2614 977 2670 docebant..
990 2615 1095 2670 Etenim
1100 2615 1147 2680 jus
1158 2614 1223 2669 emi-

135 2702 184 2753 tur
202 2697 236 2753 ad
257 2700 362 2764 partem
382 2696 522 2753 fructuum
543 2696 755 2762 percipiendam,
774 2700 802 2751 et
823 2711 878 2751 non
898 2700 1028 2753 emuntur
1047 2695 1151 2752 directe
1171 2695 1224 2761 ipsi

135 2779 252 2844 fructus,
263 2795 378 2847 prorsus
388 2799 403 2828 «
411 2778 641 2846 quemadmodum
653 2781 702 2846 oui
713 2793 809 2846 agrum
819 2779 921 2842 vendit.
932 2794 986 2834 non
995 2779 1098 2835 dicitur
1106 2777 1224 2834 uendere

134 2863 253 2928 unctus,
266 2878 336 2931 nuos
348 2861 465 2929 singulis
476 2863 555 2918 annis
567 2863 723 2928 producet»
734 2862 779 2926 (ci.
792 2865 935 2927 Wmnnm,
945 2865 977 2926 Π,
987 2867 1023 2918 tr.
1034 2863 1064 2927 V,
1075 2877 1099 2918 o.
1109 2862 1135 2928 8,
1145 2877 1173 2918 n.
1186 2863 1221 2925 2).

134 2945 214 3010 ¹Quod
227 2944 458 3002 confirmaturxel
476 2958 510 2998 ex
529 2958 563 3000 ec
580 2945 655 3010 cuod
673 2957 768 3000 omnes
785 2946 958 3001 difficultates
974 2959 1043 3013 uuae
1055 2946 1090 3001 19
1100 2945 1222 3001 censuali

137 3032 277 3085 contractu
290 3028 350 3084 fleri
361 3027 495 3089 solebant.
505 3027 616 3084 eaodem
626 3032 720 3084 contra
729 3027 1091 3094 emptionem-venditionem
1103 3028 1201 3085 iaciunt
1214 3046 1220 3083 :

122 3123 179 3164 ex.
193 3124 231 3175 g..
245 3109 359 3173 tructus,
371 3123 406 3164 ex
420 3109 466 3166 lali
485 3113 626 3167 contractu
640 3110 841 3177 percipiendos,
854 3114 916 3177 post
928 3112 1033 3178 aliquot
1044 3125 1131 3167 annos
1141 3124 1221 3177 supe

125 3193 247 3247 rutnros
264 3205 323 3248 csse
340 3192 461 3258 pretium
485 3191 589 3255 datum,
612 3192 677 3247 item
697 3205 812 3249 consum
833 3193 1015 3249 redimibilem
1034 3206 1096 3248 esse
1114 3206 1222 3249 merum

126 3279 275 3333 mutuum.
287 3277 338 3329 clo.
352 3274 425 3338 Quuc
443 3272 616 3329 difficultates
634 3277 808 3337 evanescunt,
822 3274 971 3331 dummodo
988 3275 1111 3341 opprime
1127 3273 1222 3331 distin·

134 3358 237 3420 guatur
248 3356 319 3411 inter
329 3358 451 3410 valorem
462 3359 675 3410 urrumutotionis
693 3371 724 3412 oc
741 3360 862 3412 valorem
878 3373 940 3412 orsus
953 3377 962 3413 :
973 3359 1049 3424 atoni
1066 3372 1101 3414 ex
1117 3358 1223 3414 theoria

137 3436 278 3492 scolastica
296 3436 366 3492 inter
378 3436 424 3490 illa
437 3435 570 3502 distingui
587 3451 642 3494 non
661 3442 760 3505 potest,
773 3440 827 3494 nisi
843 3439 933 3506 quoad
946 3453 990 3495 res
1001 3440 1090 3506 primo
1102 3454 1154 3495 usu
1166 3453 1222 3494 non

124 3518 362 3585 -consumptibiles
370 3519 418 3574 sod
429 3519 457 3574 in
467 3533 497 3576 se
507 3525 706 3586 permanentes.
716 3521 747 3576 ut
757 3522 819 3576 idco
829 3523 949 3588 praecise
958 3522 1067 3577 nonnisi
1080 3519 1221 3578 indolibus

137 3614 236 3657 census
246 3603 375 3658 constitui
389 3606 524 3668 poterant.
539 3603 614 3661 Unde
626 3604 736 3662 tandem
748 3605 838 3661 omnia
850 3605 903 3661 sibi
915 3606 1062 3662 cohaerent
1072 3610 1100 3660 ct
1111 3617 1221 3669 compo·

128 3683 662 3748 3333339133(3319031311913313.
1210 3729 1213 3734 -

167 3766 202 3829 (1)
220 3767 251 3822 V.
264 3767 370 3824 Bamrs
382 3771 435 3834 (cp.
449 3784 483 3831 c,
498 3785 523 3836 p.
538 3769 595 3833 135)
612 3770 685 3827 idem
702 3784 750 3837 per
766 3773 940 3827 transennam
957 3774 1033 3827 notat
1047 3790 1054 3828 ι
1067 3771 1125 3826 «La
1137 3772 1218 3843 terre,

126 3848 175 3908 -les
194 3849 294 3906 choses
312 3850 490 3917 corporeltes,
513 3855 562 3907 ont
581 3851 708 3918 iouiours
729 3852 789 3908 leur
809 3850 900 3908 utilite
919 3851 1220 3908 (3391339333-

126 3934 237 4000 nuelle,
249 3933 317 4003 elles
327 3937 376 3990 ont
394 3934 457 3990 leur
474 3949 557 4002 usage
575 3951 624 4002 par
640 3933 1164 4003 91199ωὲ3393...1)(91113139111331133
1182 3934 1220 3992 du

134 4013 221 4083 loyen,
234 4018 264 4071 et
275 4014 312 4071 du
325 4015 387 4081 prix
404 4015 441 4072 19
458 4015 577 4074 location
588 4020 765 4085 compensant
777 4017 909 4084 l’usage».
922 4016 961 4072 tn
973 4015 1048 4084 cuod
1059 4016 1221 4073 conflrman-

125 4096 200 4154 dum
212 4098 312 4164 allegat
324 4098 493 4164 praeclarum
506 4100 633 4169 Buridoni
645 4101 749 4158 dictum
762 4119 770 4156 ε
782 4118 798 4149 <t
805 4100 905 4156 locatio
916 4099 1027 4167 proprie
1039 4100 1167 4156 convenit
1179 4103 1222 4155 rei

125 4181 207 4247 eujus
217 4195 281 4236 usus
291 4187 374 4246 potest
384 4185 511 4246 separari
521 4197 538 4235 u
548 4186 705 4238 substantio.
715 4198 732 4228 ³>

166 4262 201 4325 (2)
216 4263 274 4320 lam
287 4261 332 4318 hic
344 4265 456 4320 notetur
472 4263 575 4330 duplex
594 4279 689 4322 norma
706 4279 721 4321 a
739 4264 890 4324 scolasticis
905 4267 1006 4322 statuta
1017 4264 1135 4333 1913313
1150 4268 1230 4332 copi.
