3242 4959
396 430 437 494 86
842 427 913 497 nnus
935 451 1032 499 rnron.

397 627 456 691 quo
467 613 607 694 opposita
618 613 771 694 principia
786 631 804 677 a
819 614 1003 694 quibusdam
1019 616 1191 698 theologiae
1204 597 1371 682 catholicae
1386 618 1499 683 intro—

396 709 600 787 ducebantur,
624 711 756 777 solemni
781 711 986 778 declaratione
1008 715 1154 804 Summus
1176 715 1317 780 Pontifex
1340 717 1492 782 Benedic-

395 816 444 873 tus
454 812 522 875 lllV
531 821 630 877 vetera
642 813 794 894 principia
805 813 962 877 renovavit
973 822 1001 877 et
1013 830 1091 877 nova
1105 832 1220 879 «sanae
1236 814 1494 880 doctrinaehaud

396 921 625 975 consentanea»
644 911 819 976 declaravit.
1460 947 1462 950 ·

437 1012 561 1075 Recenti
578 1011 700 1075 tandem
716 1011 793 1093 stylo
808 1011 921 1087 curiae,
939 1028 1047 1076 norma
1057 1013 1180 1092 quidem
1192 1015 1324 1095 practica
1339 1014 1495 1079 omnibus

394 1109 573 1188 praeligitur
588 1126 596 1173 :
613 1109 691 1172 nihil
713 1117 814 1172 autern
836 1109 952 1173 indicat
971 1111 1043 1174 huie
1065 1127 1160 1175 novae
1183 1129 1307 1176 normae
1331 1113 1499 1193 practicae

395 1223 473 1270 nova
486 1208 638 1289 principia
651 1207 805 1272 definitive
821 1209 964 1289 supponi.
1065 1223 1067 1232 ’

393 1439 499 1494 Purnus
517 1439 662 1494 Bnuuuurur
682 1438 711 1494 ln
733 1439 859 1502 Onuecutt'
876 1441 908 1505 de
926 1440 1060 1493 Montibus
1078 1443 1186 1506 pictatia
1203 1455 1262 1506 cau.
1282 1441 1311 1496 l⁰
1329 1442 1383 1506 (up.
1401 1456 1435 1506 o,
1447 1443 1495 1506 11,

393 1536 420 1588 u.
434 1521 560 1584 tor-166).
573 1522 605 1578 ut
617 1535 647 1577 re
657 1520 769 1589 quidem
781 1534 853 1585 vera,
867 1525 898 1577 ut
911 1521 956 1577 hic
971 1526 1068 1579 auctor
1083 1526 1160 1579 notat
1177 1524 1213 1590 (n.
1227 1523 1285 1587 tlt,
1300 1525 1373 1587 nota)
1384 1539 1483 1591 «emn-

392 1604 482 1661 tiones
502 1604 662 1661 fundicum
681 1608 761 1670 nacto
780 1599 1000 1668 retrovendendi,
1021 1605 1170 1661 autetiam
1194 1620 1257 1661 curn
1279 1606 1422 1669 locatione,
1446 1606 1483 1662 ad

392 1701 505 1742 usuram
523 1686 661 1743 vitandam
684 1686 811 1742 inductae
834 1685 946 1743 luerunt
968 1688 1171 1753 Bononiae...»,
1196 1687 1232 1744 de
1253 1687 1333 1755 cuius
1357 1689 1480 1755 praecise

328 1812 330 1814 -
392 1770 470 1826 urbia
488 1770 579 1826 llonte
597 1771 689 1836 agitur
708 1770 737 1824 in
756 1769 847 1825 const.
869 1768 1014 1826 Clementis
1033 1770 1088 1826 lllll
1109 1772 1175 1826 Cum
1194 1775 1270 1826 alent.
1287 1797 1321 1808 -
1338 1771 1494 1828 Caeterum..

392 1852 420 1906 P.
434 1853 564 1907 Pucinum
579 1852 618 1914 tin
636 1851 959 1916 contremuerunt,
973 1866 1000 1917 u.
1013 1851 1130 1915 tol-663)
1148 1852 1294 1908 nonnullas
1311 1852 1378 1908 alias
1395 1853 1492 1920 expli·-

387 1935 513 1990 cationes
530 1939 637 2000 nraeter
654 1934 818 1990 locationem
837 1933 968 1999 pecuniae
987 1933 1078 1998 refert,
1098 1938 1125 1992 et
1143 1935 1202 2001 inse
1214 1937 1244 1990 ll.
1258 1935 1403 1992 Baununrur
1413 1936 1484 1992 alibi.

391 2017 427 2081 (ll-
440 2015 500 2079 608)
510 2016 621 2083 collegit
632 2016 763 2083 ouaedem
776 2017 1016 2081 interpretationes
1031 2017 1197 2072 aveteribus
1208 2017 1369 2074 doctoribus
1380 2032 1495 2084 prono--

391 2097 466 2154 sitas.
487 2125 520 2135 -
539 2097 623 2163 Unde,
646 2101 677 2155 ut
696 2098 788 2154 minus
808 2096 1015 2158 concludamus.
1036 2097 1139 2164 duplex
1156 2098 1319 2155 constitutio
1340 2099 1495 2164 contincta..

391 2179 470 2236 allata
481 2193 538 2235 non
549 2180 682 2246 probatur
693 2193 748 2235 non
761 2176 864 2235 reterre
875 2178 1007 2244 implicite
1019 2179 1091 2236 idern
1103 2185 1220 2246 systema
1233 2181 1415 2238 scolasticum.
