3242 4959
383 364 444 429 114
756 381 829 428 rans
842 382 965 430 aurunt.
983 383 1061 429 secr.
1079 383 1101 428 1.

382 543 493 609 culatio
509 544 624 625 regitur
639 579 679 588 -
694 559 771 624 quae
794 558 901 607 omnes
916 544 949 606 in
971 545 1030 608 lroc
1050 551 1211 624 systemate
1226 543 1265 608 ad
1285 543 1488 625 principium

385 641 502 705 «oblati
517 649 547 706 et
561 641 690 722 quaesiti
703 664 718 698 a
731 641 782 718 (lui
799 642 837 705 de
853 640 947 704 l'ollre
961 651 992 704 et
1007 641 1044 705 de
1060 643 1089 704 la
1108 639 1267 718 demandet
1287 641 1490 708 reducuntur·

379 774 421 786 -
436 741 521 805 labor
541 742 702 805 hominurn
718 740 933 805 commutatur.
951 742 1027 804 Cum
1043 741 1137 822 igitur
1150 741 1238 804 labor
1251 741 1358 805 eodem
1379 741 1488 806 modo·

377 857 440 922 uuo
462 848 542 904 terra
563 849 594 904 et
615 840 745 920 capitale
768 839 806 902 ad
830 855 930 904 rerum
952 840 1182 920 productionem
1205 848 1378 914 concurrat,
1402 857 1478 905 cum

380 941 507 1019 insuper
521 939 637 1004 eisdem
658 937 778 1019 legibus
799 946 998 1018 permutetur,
1023 939 1095 1002 lruic
1117 940 1272 1018 systemati
1292 939 1487 1006 nullomodo»

380 1040 542 1103 essentiale
558 1047 615 1115 est,
632 1039 685 1102 sed
700 1037 1060 1119 prorsus'secundarium
1076 1046 1105 1101 et
1120 1039 1317 1116 accidentale,
1336 1040 1476 1106 laborem

380 1138 502 1218 capitali
512 1137 682 1218 lamtupoui
697 1138 744 1200 rel
761 1138 821 1217 ipsi
839 1138 967 1201 includi.

422 1237 553 1300 Proinde
577 1252 657 1312 cum,
680 1235 764 1313 juxta
786 1244 891 1299 notam
913 1236 1184 1310 fundamentalem,
1207 1237 1337 1317 capitale
1360 1238 1478 1302 consti-

380 1344 481 1399 tuatur
495 1335 611 1399 divitiis
626 1335 690 1398 illis
705 1336 819 1415 quibus
838 1351 887 1398 res
903 1335 1109 1415 producantur
1130 1352 1238 1411 novae,
1255 1352 1325 1399 curn
1347 1338 1486 1418 insuper·

380 1434 503 1497 divitiae
528 1433 600 1496 illac
629 1441 894 1514 repraesententur
923 1433 987 1496 sire
1010 1433 1138 1512 pecunia
1165 1434 1228 1496 sive
1254 1433 1352 1497 titulis
1379 1419 1471 1511 aliis,

379 1533 469 1613 plane
490 1532 613 1596 obvium
636 1539 681 1594 est
704 1531 841 1595 laborem
861 1532 1029 1595 humanum
1047 1534 1079 1609 tr)
1095 1532 1161 1613 ipsa
1183 1532 1306 1599 notione
1329 1533 1483 1614 capitalis-

379 1630 603 1710 quovismodo
629 1631 847 1711 repraesentati
873 1629 1098 1712 comprehendi.
1122 1633 1160 1694 m
1185 1646 1288 1694 revera
1315 1631 1404 1694 multi
1427 1631 1479 1694 ita.

381 1732 499 1795 docent.

421 1831 566 1904 Quamvis
591 1829 672 1893 enim
694 1831 792 1894 llume
812 1838 842 1894 et
863 1833 977 1910 Turget
996 1846 1137 1910 expresse
1162 1831 1221 1893 hoc
1246 1830 1381 1894 nondum
1407 1839 1473 1894 sta·

379 1936 476 2005 tuam,
500 1937 633 1992 attamen
654 1937 791 1993 statuunt
812 1931 992 2006 virtualiter,
1010 1946 1080 1995 cum
1099 1929 1184 2008 J'uxta
1206 1945 1258 1993 eos
1279 1930 1409 2009 capitale
1431 1929 1478 1992 sit

379 2027 492 2092 fundus
507 2027 560 2091 ille
575 2027 714 2110 frugifer,
731 2030 835 2092 -cui
852 2047 925 2093 sane
950 2030 1036 2095 labor
1057 2037 1103 2093 est
1119 2029 1368 2092 annumerandus
1383 2064 1433 2104 -,
1453 2046 1478 2092 a

379 2143 439 2206 quo
460 2128 625 2191 ultimatim
647 2128 793 2208 pecuniae
815 2131 983 2193 auctarium
1003 2127 1171 2192 hauriatur.
1197 2127 1346 2207 Explicite
1368 2137 1471 2192 autem

379 2225 456 2290 illud
478 2227 609 2304 occurrit
631 2227 712 2307 apud
728 2227 765 2291 Α.
783 2227 894 2304 Smith,
912 2229 963 2308 qui
985 2227 1179 2291 essentialem
1201 2234 1305 2290 notam
1327 2227 1477 2306 capitalis

379 2341 471 2406 supra
492 2327 661 2405 expositam
682 2325 800 2406 primus
822 2325 975 2406 patefecit,
1000 2335 1029 2388 et
1051 2323 1131 2406 apud
1153 2325 1180 2387 J.
1200 2326 1234 2388 B.
1252 2325 1322 2404 Say,
1349 2333 1469 2404 patrem

377 2425 512 2488 theoriae
527 2424 564 2488 de
580 2425 678 2488 tribus
699 2423 909 2505 productionis
930 2423 1098 2488 factoribus
1118 2432 1148 2486 et
1169 2423 1350 2504 magistrum
1375 2424 1468 2487 innu-

376 2539 530 2586 merorum
545 2523 623 2585 inre
639 2523 825 2585 oeconomica
841 2521 1073 2602 discipulorum.
1092 2522 1202 2601 Utique
1224 2527 1393 2601 arguuntur
1419 2521 1474 2584 illi

360 2641 395 2687 a
418 2622 576 2687 nonnullis
601 2622 759 2685 hodiernis
784 2625 820 2700 (e)
848 2623 1113 2703 inconsequentiae
1139 2630 1168 2685 et
1193 2621 1464 2702 aequivocationis,

377 2738 446 2786 cum
465 2722 595 2801 capitale
616 2721 809 2784 definiverint
832 2723 935 2784 omnia
960 2723 1038 2786 hona
1061 2720 1215 2802 producto
1240 2719 1330 2783 etad
1355 2736 1467 2783 novam

376 2820 608 2900 productionem
635 2819 808 2883 adhihenda
837 2837 843 2882 :
872 2820 950 2883 inter
971 2819 1125 2900 producto
1150 2834 1220 2882 vero
1246 2834 1308 2880 non
1333 2828 1473 2899 ponatur·

376 2920 468 2982 homo
484 2934 554 2981 curn
568 2917 713 2998 potentiis
727 2927 757 2981 et
771 2919 889 2981 actibus
902 2919 977 2982 suis.
989 2919 1100 2981 Verum
1112 2932 1271 2998 perperam
1282 2925 1463 2996 arguuntur,

377 3033 447 3080 curn
461 3017 571 3078 altiora
584 3016 717 3079 theoriae
732 3017 885 3097 principia
900 3017 962 3078 sint
976 3015 1168 3097 inspicienda
1187 3033 1194 3078 ε
1209 3028 1278 3078 cum
1300 3014 1382 3077 enirn
1403 3015 1473 3078 vitaz

377 3114 563 3178 oeeonomioa
588 3115 742 3178 societatis
766 3115 804 3178 ab
832 3115 950 3178 ultimis
976 3115 1111 3193 justitiae
1136 3115 1251 3192 regulis
1276 3114 1472 3195 sejungatur,

377 3230 446 3277 curn
461 3214 533 3277 hinc
548 3214 585 3277 ad
599 3215 755 3277 notionem
767 3214 908 3294 capitalis
922 3231 1030 3295 parurn
1043 3214 1152 3277 referat
1164 3213 1241 3277 illud
1254 3212 1474 3276 tantummodo

376 3312 518 3376 constitui
534 3312 622 3376 bonis
633 3312 805 3394 productis,
827 3313 899 3377 hinc
914 3329 983 3377 vero
1006 3329 1198 3394 summopere
1220 3313 1340 3376 intersit
1361 3311 1467 3375 laelli-

375 3409 446 3472 tatis
461 3411 539 3473 vitae
555 3411 689 3488 socialis,
706 3424 739 3475 ut
759 3412 862 3475 omnia
878 3411 934 3475 sub
950 3411 1040 3474 unica
1057 3411 1168 3474 valoris
1191 3412 1314 3474 notione
1336 3411 1474 3489 conjun-

373 3516 485 3587 gantur
499 3525 577 3588 quae
591 3516 716 3588 possent
737 3509 893 3590 conjungi,
911 3525 975 3586 cur,
993 3526 1117 3590 quaeso,
1142 3510 1264 3590 capitali
1287 3509 1352 3590 ipse
1377 3507 1473 3572 lahor

407 3718 442 3780 (1)
458 3719 559 3775 &dem
570 3718 663 3785 modo,
676 3719 827 3786 etquidem
839 3719 930 3786 aptius
942 3721 1014 3774 terre
1026 3732 1074 3774 seu
1086 3721 1183 3776 natura
1196 3721 1288 3787 posset
1299 3718 1328 3774 in
1340 3718 1469 3786 capitalis

373 3801 486 3857 notione
498 3803 571 3867 poni,
586 3806 617 3858 ut
628 3802 708 3858 multi
727 3802 830 3859 faciunt
841 3802 889 3869 oui
902 3801 1024 3858 laborem
1043 3816 1058 3856 a
1076 3801 1184 3868 capitali
1196 3801 1308 3857 omnino
1320 3815 1464 3858 secernen-

372 3881 439 3938 dum
457 3882 572 3949 ducunt,
585 3899 611 3939 v.
625 3898 651 3950 g.
671 3885 699 3938 P.
713 3883 811 3949 Weiss,
831 3885 958 3951 Apotopie
977 3886 1012 3936 du
1029 3885 1236 3947 christianismo,
1258 3883 1290 3946 ll,
1308 3898 1336 3951 p.
1355 3883 1470 3940 treuna

372 3965 506 4031 (paesiml;
527 3966 764 4030 Duras-Kaunrrn,
778 3980 820 4031 op.
834 3981 868 4031 c,
882 3981 909 4032 p.
921 3967 952 4021 11
966 3979 999 4032 s.;
1019 3967 1048 4021 P.
1061 3967 1190 4030 Aurorun,
1206 3966 1289 4020 Conrs
1304 3966 1469 4020 d'eeonomr'c

371 4049 477 4111 sociate,
492 4061 519 4112 p.
533 4047 593 4103 311.

403 4129 438 4193 (l)
455 4127 505 4195 cl,
517 4145 543 4185 v.
557 4143 594 4196 g,
608 4129 827 4194 Boou-Brundi,
841 4145 882 4196 op.
897 4145 932 4194 e,
946 4131 978 4196 ll,
992 4144 1018 4196 p.
1032 4129 1074 4185 18.
