3242 4959
426 493 489 561 156
796 513 869 562 rsus
885 515 1005 560 nnrnna.
1023 513 1102 560 secr.
1120 513 1140 559 r.
1181 515 1185 524 ·

426 678 551 742 subesse
570 686 744 760 nequeunt,
758 681 792 742 u't
809 677 1060 752 «benevolentia,
1085 693 1164 758 quae
1192 677 1249 740 sub
1272 675 1512 739 aestimationem

425 777 571 856 pecuniae
593 793 655 841 non
676 777 783 841 cadit»
808 779 855 854 (r),
873 777 919 839 vel
942 783 975 839 ut
999 791 1076 839 «res
1099 774 1299 864 spiritualis»
1322 789 1400 853 quae
1424 789 1513 836 «non

424 882 524 954 potest
538 875 641 955 aliquo
657 875 755 956 pretio
773 885 894 938 terreno
912 873 1102 954 compensari
1117 895 1131 930 s
1150 875 1197 951 (a),
1215 872 1261 935 vel
1278 871 1414 946 tandem,
1433 870 1513 950 quod

424 973 603 1053 praesertim
628 973 808 1049 notandum,
837 973 966 1054 pecunia
991 989 1057 1036 non
1078 971 1248 1035 mensurari
1273 978 1373 1050 potest
1396 975 1513 1051 tempos

425 1089 485 1153 qua
506 1074 566 1136 tale
584 1081 639 1138 :et
659 1074 720 1137 boc
738 1073 869 1153 quidem
885 1073 917 1136 S.
935 1071 1069 1135 Thomas
1091 1071 1224 1152 applicat
1245 1071 1309 1133 suis
1330 1069 1457 1133 tbeoriis
1478 1069 1513 1132 de

423 1170 561 1236 dominio
590 1173 709 1254 privato
732 1188 840 1235 rerum
874 1179 1064 1234 externarum
1095 1173 1142 1248 (a),
1175 1169 1211 1233 de
1240 1157 1513 1250 emptione-vendi·

422 1270 506 1334 tione
521 1273 568 1348 (tl,
586 1289 621 1334 ac
635 1271 672 1335 de
688 1280 792 1335 mutuo
813 1283 841 1334 et
861 1273 1019 1348 usurats);
1044 1269 1187 1349 idemque
1210 1269 1352 1348 explicite
1374 1267 1463 1332 docet
1482 1268 1513 1330 in

423 1371 571 1450 opusculo
588 1372 634 1435 fle
647 1372 800 1453 emptione
808 1378 842 1432 el
856 1369 1032 1433 venditione
1046 1369 1087 1432 od
1103 1375 1221 1450 tempos
1237 1371 1282 1444 tc).

466 1467 690 1548 Quodsiigitur
704 1469 833 1550 pecunia
848 1486 884 1532 ex
900 1469 1090 1531 institutione
1106 1484 1161 1531 sua
1176 1467 1214 1531 ad
1230 1470 1331 1529 re'rum
1346 1474 1513 1529 commuta·

426 1566 541 1631 tionem
553 1567 719 1643 ordinetur,
734 1585 787 1631 seu
800 1562 838 1631 ad
854 1568 957 1631 omnia
973 1567 1052 1630 bona
1063 1566 1151 1629 utilia
1166 1565 1345 1628 relationem
1357 1565 1511 1644 importet,

423 1666 642 1746 inquirendum
658 1667 837 1748 praesertim
853 1675 898 1730 est
914 1666 1015 1746 qualis
1031 1666 1071 1728 sit
1086 1665 1139 1728 illa
1155 1663 1272 1727 relatio.
1290 1663 1382 1742 Atqui
1405 1663 1513 1743 impri-

422 1765 500 1834 mis.
530 1766 704 1830 Aristotelis
739 1755 909 1829 doctrinam
947 1766 1118 1846 explicans,
1150 1765 1182 1828 S.
1211 1765 1344 1827 Thomas
1380 1763 1514 1826 excludit

423 1864 618 1938 sententiam,
642 1880 741 1943 quam=
759 1865 840 1943 apud
867 1863 1033 1927 nonnullos
1058 1863 1242 1926 recentiores
1268 1862 1445 1925 invenimus
1465 1865 1511 1939 (7),

405 1982 408 1986 ·
425 1977 562 2042 quaeque
577 1964 726 2026 rationem
742 1963 929 2037 divitiarum,
948 1963 1022 2036 sive,
1037 1961 1317 2041 iuxta-modernam
1337 1961 1513 2024 terminolo·

423 2062 518 2142 giam
536 2061 676 2142 capitalis
689 2070 827 2125 naturam
839 2062 871 2123 in
883 2063 1044 2142 pecuniam
1055 2061 1123 2124 ideo
1136 2059 1289 2134 transfert,
1304 2060 1376 2138 quia
1389 2058 1513 2122 divitiae

424 2176 531 2223 omnes
545 2161 673 2241 pecunia
688 2169 913 2223 mensurantur.
929 2161 1022 2234 Quae,
1041 2168 1143 2240 utpote
1159 2159 1331 2239 perspicua.
1349 2157 1419 2221 heic
1435 2167 1514 2220 tran·

423 2259 556 2322 scribere
569 2258 710 2338 juvabit:
731 2260 867 2321 «Posset
885 2247 997 2338 ali'quis
1013 2257 1162 2333 dubitare,
1180 2265 1283 2320 utrum
1303 2257 1365 2320 sint
1387 2257 1512 2319 ommno

456 2515 490 2578 (tl
507 2513 545 2570 Cf·
557 2515 604 2578 ib„
617 2529 645 2581 ti·
658 2514 788 2578 LXXVIII,
802 2529 826 2570 a·
839 2515 865 2578 f.
878 2514 911 2580 td,
924 2515 949 2570 3·
978 2581 979 2588 ,

456 2596 801 2662 fflffimqwdc

456 2679 490 2742 (3)
507 2679 545 2736 ut.
557 2680 604 2743 ib„
617 2694 645 2745 q.
658 2679 743 2743 blfl'l,
756 2693 781 2734 a.
794 2679 819 2733 l.
1243 2692 1245 2698 ·

454 2763 489 2827 (tl
506 2763 544 2820 Cf.
557 2765 603 2826 dr..
616 2773 644 2829 q.
658 2763 776 2818 LXXVII.
789 2789 823 2798 -
834 2762 938 2818 ibidem
955 2763 987 2825 (a.
1001 2762 1026 2824 l,
1040 2761 1073 2817 ad
1086 2763 1111 2824 b)
1128 2761 1247 2818 admittit
1263 2760 1374 2828 quidem
1393 2763 1513 2826 pretium

424 2846 464 2901 rei
476 2847 576 2901 mutari
589 2859 670 2912 posse
687 2844 862 2900 «secundum
881 2844 1067 2901 diversitatem
1086 2844 1138 2899 loci
1151 2843 1193 2899 vel
1212 2843 1376 2909 temporiva
1397 2846 1425 2899 at
1444 2841 1512 2898 nibil

422 2929 521 2995 probat
533 2929 712 2985 mutationem
730 2929 809 2994 pretii
827 2929 894 2983 oriri
912 2927 1063 2984 formaliter
1079 2942 1114 2983 ex
1130 2931 1262 2994 tempore,
1277 2929 1349 2984 sicut
1360 2941 1412 2982 nec
1423 2928 1513 2983 oritur

422 3024 457 3067 ex
469 3010 540 3066 loco.
552 3008 667 3065 licentra
678 3008 865 3064 diversitatem
878 3010 969 3075 pretii,
980 3023 1050 3077 quae
1059 3011 1149 3065 oritur
1157 3023 1191 3065 ex
1200 3009 1357 3065 diversitate
1369 3009 1433 3075 loci,
1447 3009 1514 3066 dicit

421 3091 574 3147 formaliter
584 3104 646 3146 esse
662 3090 1004 3156 «propter-diversitatem
1021 3092 1117 3157 copiae
1135 3096 1163 3148 et
1181 3093 1288 3158 inopiae
1305 3105 1422 3148 rerum»
1438 3092 1473 3155 (a.
1486 3092 1511 3153 b,

421 3173 455 3229 ad
467 3174 501 3233 il.
515 3171 652 3239 Quidquid
665 3172 702 3226 sit
713 3171 748 3226 de
759 3172 866 3227 ultimis
879 3171 1064 3230 fundamentis
1074 3173 1141 3239 justi
1154 3175 1235 3240 pretii
1251 3174 1323 3240 apud
1340 3175 1366 3229 S.
1380 3174 1512 3230 Thomam

422 3255 467 3320 (cf.
486 3257 602 3320 Bnaurs,
620 3254 662 3320 opss
682 3269 717 3319 c,
737 3269 764 3320 p.
784 3255 818 3311 68
836 3257 879 3320 s),
894 3271 933 3312 ex
950 3258 1037 3323 ipsius
1053 3258 1159 3313 theona
1175 3257 1210 3312 de
1226 3258 1309 3312 variis
1324 3257 1512 3314 contractibus

389 3406 391 3410 ,
421 3340 490 3394 satis
501 3338 674 3394 manifestum
686 3342 728 3394 est
740 3341 850 3404 tempus
862 3337 1011 3395 formaliter
1023 3354 1079 3396 non
1090 3353 1151 3394 esse
1162 3341 1250 3406 pretio
1266 3339 1445 3394 aestimabile.

455 3421 491 3484 (5)
507 3421 545 3477 Cf.
557 3421 605 3485 da,
617 3435 645 3486 q.
659 3420 789 3483 txxvttt,
802 3426 830 3476 et
843 3421 900 3476 loca
914 3421 1050 3487 parallela.
1270 3473 1273 3480 .

454 3503 488 3567 (6)
505 3504 586 3559 «Non
603 3507 646 3559 est
662 3502 780 3559 dubium
797 3503 956 3558 usurarium
974 3517 1038 3559 csse
1054 3506 1235 3566 contractum,
1257 3518 1321 3559 curn
1342 3505 1510 3571 exspectatio

421 3585 619 3652 temporissub
630 3585 720 3652 pretio
731 3585 840 3641 cadat...
854 3584 893 3640 Ad
907 3583 1010 3641 nullam
1022 3599 1129 3642 causam
1142 3586 1206 3642 licet
1218 3600 1268 3652 pro
1280 3589 1405 3652 tempore
1415 3599 1511 3653 expec-

422 3669 535 3726 tationis
553 3669 685 3734 pecuniae
703 3668 823 3733 pretium
841 3667 970 3734 augeri.»
989 3670 1041 3733 (op.
1061 3682 1095 3733 c,
1114 3667 1148 3723 ad
1167 3668 1295 3730 initium).
1307 3695 1342 3706 -—
1356 3668 1394 3724 Cf.
1414 3683 1510 3734 opusc.

421 3753 464 3805 De
481 3754 581 3814 mons,
599 3765 659 3816 cap.
679 3751 723 3804 Vll
742 3768 748 3804 :
767 3749 864 3816 «quod
884 3752 975 3805 autem
993 3752 1100 3806 tantum
1117 3765 1198 3806 causa
1216 3752 1348 3816 temporis
1365 3751 1465 3808 accidit
1483 3750 1510 3804 in

420 3833 618 3896 contractibus,
632 3833 704 3888 sicut
721 3832 751 3886 in
769 3833 882 3896 mutuis,
894 3833 965 3888 sorti
984 3831 1083 3888 accidit
1096 3833 1158 3888 sine
1173 3833 1247 3900 justo
1260 3834 1355 3897 titulo:
1374 3835 1439 3900 quia
1452 3835 1510 3899 ipse

422 3913 486 3970 facit
503 3929 586 3970 suum
604 3927 653 3980 per
671 3912 804 3977 fraudem,
825 3913 929 3970 scilicet
949 3913 1092 3970 vendendo
1113 3917 1230 3980 tempus.
1249 3915 1323 3981 quod
1344 3916 1391 3972 liei
1410 3918 1463 3981 est,
1483 3917 1510 3971 et

421 3995 516 4052 datum
527 3996 711 4053 communiter
722 3996 861 4052 omnibus.
870 4012 886 4042 »
901 3996 1006 4054 ibidem
1023 3996 1176 4063 explicatur
1186 3998 1352 4064 quibusnam
1364 3998 1454 4054 modis
1466 4011 1510 4052 rer

421 4081 495 4144 ipsae
505 4079 598 4134 valore
608 4079 703 4144 augeri
714 4077 758 4134 vei
775 4079 863 4134 minui
880 4080 988 4146 possint
1005 4079 1156 4136 secundum
1169 4079 1354 4136 diversitatem
1366 4081 1507 4146 temporis,

419 4163 546 4228 quamvis
557 4175 612 4217 non
624 4175 658 4218 ex
671 4161 777 4217 ratione
789 4162 877 4227 ipsius
889 4163 1030 4229 temporis.

453 4243 488 4306 (¹1)
506 4242 544 4299 Cf.
557 4257 651 4309 supra.
664 4257 691 4309 p.
704 4243 824 4300 rebrat.
