3242 4959
437 435 500 480 cao.
519 435 550 479 0.
567 435 605 480 00
619 433 782 482 concanora
799 433 924 480 enaorrr.
1165 416 1226 481 273

139 597 356 674 destinaveras,
373 617 402 662 v.
419 616 450 680 g.
472 600 498 662 si
520 600 653 685 triticum
673 600 825 664 seminare
846 601 980 675 volebas,
1004 610 1152 680 quantum
1172 601 1227 665 alii

137 699 197 762 hoc
220 714 312 768 anno,
335 697 473 762 deductis
498 698 653 778 expensis,
680 699 860 762 seminando
887 699 1095 772 lucrabuntur,
1122 709 1175 762 aut
1199 701 1226 763 si

138 797 287 878 negotiari
307 797 441 872 volebas,
465 805 612 877 quantum
634 798 687 861 aiii
707 799 763 862 tali
787 799 991 879 negotiatione
1013 800 1071 862 hoe
1092 810 1227 879 tempore

138 895 371 960 lucrabuntur»
399 897 443 972 (rt.
472 895 558 960 Unde
586 920 600 954 ‹
622 897 648 959 si
679 905 783 977 postea
809 914 845 960 ex
871 906 978 960 eventu
1004 897 1227 992 deprehensum

137 992 241 1062 fuerit,
258 1002 363 1056 mutuo
383 1010 446 1058 non
464 993 546 1069 dato,
570 994 689 1058 lucrum
712 994 847 1058 futurum
864 995 959 1059 inisse
976 996 1036 1058 100
1050 999 1224 1074 aureorum,

138 1099 258 1154 tenetur
279 1108 334 1172 pro
355 1108 390 1156 eo
412 1092 528 1156 soivere
545 1095 605 1158 100
624 1093 772 1170 (deductis
787 1103 889 1157 tamen
904 1093 1112 1172 deducendis),
1129 1095 1156 1157 si
1171 1097 1223 1172 00,

138 1191 241 1254 sotum
256 1192 307 1265 50,
321 1191 347 1252 si
360 1190 491 1266 nullum,
505 1191 581 1254 nihii
597 1209 604 1256 :
619 1192 650 1256 id
662 1201 764 1256 autem
779 1193 851 1256 sciri
867 1193 976 1272 poterit
991 1193 1036 1255 vei
1053 1210 1089 1256 ex
1104 1204 1223 1270 eventu,

138 1305 231 1368 quem
247 1289 328 1352 idem
344 1298 492 1354 mercator
506 1291 539 1352 in
553 1291 614 1354 alia
629 1292 757 1371 pecunia
772 1292 970 1372 negotiationi
987 1293 1124 1372 exposita
1138 1309 1226 1372 expe·

139 1391 228 1467 ritur,
249 1391 296 1454 vel
320 1407 411 1471 quem
437 1392 489 1455 olii
515 1401 697 1456 mercatores
721 1394 754 1456 iu
780 1395 875 1456 simiti
901 1394 1091 1457 mercimonii
1118 1409 1228 1474 genere

139 1499 306 1565 versantes,
324 1491 492 1554 sortiuntur
508 1514 521 1546 u
540 1495 586 1568 (a).

185 1612 198 1645 ι
214 1588 351 1652 Secundo
368 1589 496 1666 (lucrum
511 1593 643 1668 cessans)
658 1591 766 1654 deduci
782 1599 882 1672 potest
896 1591 1041 1662 obsolute.
1059 1602 1088 1655 et
1109 1608 1171 1655 non
1191 1608 1229 1654 ex

139 1688 271 1752 adventu
287 1687 400 1764 futuro,
417 1689 470 1752 sed
485 1688 634 1769 erigendo
649 1705 667 1752 a
682 1697 711 1752 te
726 1690 804 1752 ultra
820 1698 943 1765 sortem,
961 1700 1108 1769 quantum
1128 1690 1178 1753 hic
1198 1696 1229 1752 et

140 1802 233 1861 nuno,
251 1793 364 1849 attento
379 1786 526 1866 periculo,
542 1788 694 1867 expensis,
709 1796 737 1850 et
748 1789 819 1851 aliis
833 1788 1083 1863 circumstantiis,
1095 1805 1163 1869 spes
1174 1787 1229 1849 itio

139 1886 241 1948 001000
258 1893 369 1966 potest,
394 1887 458 1950 sive
479 1895 583 1966 postea
605 1888 724 1951 lucrum
745 1887 882 1951 futurum
903 1888 1012 1951 fuisset
1034 1889 1144 1966 maius,
1166 1889 1230 1951 sive

140 1986 272 2048 miuus»
297 1987 341 2062 (3).
373 1987 410 2048 Et
431 1987 489 2048 000
514 1985 638 2065 quidem
664 1987 757 2050 attero
782 1987 874 2051 modo
903 1988 1022 2050 lucrum
1049 2004 1172 2051 cessans
1197 1988 1231 2050 iu

140 2092 264 2165 pactum
279 2083 449 2160 deducitur,
467 2101 536 2148 curo
551 2086 662 2165 agitur,
680 2097 713 2148 ut
732 2086 909 2160 hodiedum,
927 2087 965 2148 de
988 2086 1071 2150 lucro
1093 2096 1231 2150 cessante

141 2183 231 2262 quasi
246 2183 411 2246 universali
430 2200 484 2246 seu
500 2192 694 2263 praesumpto
712 2201 718 2246 :
737 2193 809 2247 tunc
824 2185 906 2246 enim
922 2201 1031 2247 sensus
1045 2186 1228 2260 communis,

142 2281 195 2361 qui
212 2281 329 2343 lucrum
345 2281 466 2362 singulo
483 2281 515 2343 in
531 2298 603 2344 casu
618 2297 736 2344 cessare
750 2283 930 2361 praesumit,
944 2280 1080 2360 ejusdem
1095 2282 1230 2345 valorem

139 2381 221 2458 juste
235 2379 396 2442 aestimare
408 2380 623 2459 praesumitur.
643 2379 728 2444 Unde
744 2379 937 2444 difficultates
949 2381 1012 2459 jam
1023 2379 1182 2454 totiuutur,
1201 2387 1230 2442 et
1299 2407 1302 2412 ·

143 2479 360 2560 inquisitiones
371 2481 559 2555 casuisticae,
570 2497 647 2560 quae
659 2481 810 2544 deeodem
819 2481 919 2544 valore
928 2479 1157 2544 aestimandoin
1169 2480 1232 2541 siu-

143 2580 215 2660 3010
228 2595 301 2642 casn
313 2579 386 2643 oiim
398 2578 554 2642 faciendae
565 2588 661 2655 erant,
676 2595 757 2642 nunc
769 2579 818 2640 vix
834 2596 895 2642 000
906 2578 1021 2641 otiosae
1033 2578 1228 2653 videnturttt.

175 2840 210 2903 (1)
228 2839 265 2896 Gi.
279 2855 313 2896 on
326 2841 411 2904 Luoo,
425 2841 444 2894 t.
458 2854 492 2901 c..
506 2854 533 2893 0.
546 2838 588 2894 96.
662 2883 663 2887 ,

176 2924 211 2986 ti)
228 2921 266 2978 Cf.
280 2923 398 2986 Lassms,
412 2924 431 2977 1.
445 2936 480 2985 0.,
494 2936 520 2976 n.
534 2921 575 2976 9¹1.

176 3005 211 3068 13)
227 3003 265 3061 01.
279 3019 314 3060 00
327 3005 411 3068 Luco,
425 3005 444 3057 t.
458 3017 493 3067 0.,
506 3017 533 3057 n.
546 3002 588 3056 01.

177 3089 213 3148 tit
230 3089 268 3144 Ex
286 3089 320 3143 iis
337 3102 408 3154 onae
427 3088 570 3152 hueusque
589 3085 624 3140 de
643 3085 762 3151 genuina
780 3084 894 3138 notione
912 3082 982 3137 lucri
1000 3081 1132 3136 cessantis
1149 3094 1232 3146 expo

144 3169 327 3236 minuerem
345 3170 432 3236 iiouet
451 3169 478 3224 P.
496 3169 526 3223 ii.
544 3169 640 3231 Pasce,
653 3166 767 3222 titulum
785 3166 859 3220 huno
877 3165 959 3221 nimis
977 3168 1051 3220 arcte
1068 3163 1230 3228 intelligere,

145 3267 218 3317 oum,
242 3253 358 3319 probare
381 3249 525 3306 intendens
547 3251 762 3314 praesumptione
785 3247 856 3303 lucri
878 3246 1020 3310 cessantis,
1045 3245 1195 3301 hodiedum
1216 3258 1233 3300 a

145 3333 282 3400 theologis
298 3333 387 3388 011010.
402 3331 507 3398 praxim
526 3330 687 3386 hodiernam
704 3343 760 3384 non
774 3329 915 3395 explicari,
929 3329 995 3384 haec
1010 3327 1112 3384 scribat
1125 3346 1132 3382 :
1144 3344 1160 3376 e
1169 3340 1233 3382 man

145 3421 213 3483 sagi,
226 3416 276 3472 der
294 3415 440 3480 Gliuhiger
458 3413 532 3468 hitto
548 3411 574 3478 ja
592 3411 661 3467 0000
682 3410 906 3476 truchttragende
923 3410 1028 3466 Sachen
1046 3408 1153 3473 kauien,
1173 3409 1233 3464 sein

146 3500 211 3558 Geid
230 3501 317 3560 selbot
336 3501 364 3554 in
384 3497 611 3565 Capitatiunotion
634 3497 802 3554 dheriiiirren
823 3498 941 3553 konnen.
961 3495 1062 3552 Durani
1076 3497 1233 3551 antworten

146 3585 199 3640 wir
219 3602 226 3639 z
246 3583 291 3638 die
308 3583 438 3638 meissten
456 3580 602 3645 Giiubiger
619 3581 719 3634 wotton
735 3579 810 3636 diese
821 3581 871 3634 Art
887 3569 937 3634 der
948 3577 1142 3642 verwendung
1157 3576 1233 3631 ihres

147 3667 243 3724 Geldes
251 3667 343 3730 nicht,
354 3664 453 3730 genade
461 3663 576 3720 desnaib
585 3661 647 3718 sind
656 3663 697 3718 sie
706 3661 853 3728 Gldubiger
863 3661 1028 3729 gewordem
1039 3660 1116 3716 nicht
1124 3658 1233 3723 wenige

146 3753 249 3806 000000
263 3747 489 3805 voraussichtlioh
502 3746 579 3803 nieht
590 3747 641 3801 mit
652 3745 745 3812 Erioig
757 3745 903 3812 productiv
921 3745 1008 3810 thitig
1025 3742 1149 3806 werden,
1162 3740 1233 3797 viele

146 3832 264 3889 wrirden
274 3830 352 3886 dabei
361 3827 540 3886 thatsichlieh
551 3842 585 3882 zu
598 3826 709 3882 Grunde
718 3827 816 3893 gehen.
827 3828 886 3882 0100
898 3826 986 3882 denke
997 3825 1057 3880 sich
1069 3837 1122 3879 nur
1133 3820 1232 3878 einmal

147 3915 226 3970 einen
245 3912 396 3978 gelehrten,
409 3911 482 3966 01100
499 3908 651 3973 Professor,
663 3909 713 3965 der
731 3909 820 3966 durch
839 3910 970 3964 Docieren
988 3907 1047 3962 sich
1065 3907 1110 3962 ein
1129 3904 1233 3960 kleines

148 3995 247 4063 Capitol
271 3994 417 4051 erworben
441 3993 496 4058 irat,
517 3992 557 4046 ais
580 3991 780 4061 Prodooenteo.
799 3992 852 4047 Der
872 4004 947 4046 arme
967 3989 1045 4046 11000
1064 3986 1163 4043 wdrde
1183 3986 1234 4041 mit

147 4078 304 4135 ziemlioher
322 4075 616 4132 Wahrscheiuiioirkeit
633 4075 661 4129 in
679 4074 800 4130 concurs
821 4077 943 4140 geraten:
961 4071 1038 4137 jener
1051 4069 1232 4136 aligemeinen

148 4158 439 4216 Wahrseheiniiehkeit
447 4157 496 4214 des
506 4156 653 4212 Gewinnes
664 4156 738 4213 steht
750 4156 811 4212 hier
822 4156 867 4212 die
878 4155 1016 4212 vieiieioiat
1027 4155 1152 4219 pressere
1163 4150 1231 4206 indi-

1079 4263 1110 4315 ts
