3242 4959
413 451 454 532 82
861 469 933 516 rxns
955 471 1052 516 aaron.

399 633 485 696 huic
506 632 583 695 thesi
605 632 871 713 subscripserint:
899 633 1095 697 «hodiedum
1121 635 1264 698 omnihus
1291 633 1361 698 licet
1385 632 1503 709 smnus

413 732 542 812 pecnnia
561 730 686 802 credita,
704 731 871 812 percipere,
888 731 914 794 si
931 731 1080 811 excipitur
1098 732 1297 808 expressivum,
1316 733 1361 794 vel
1384 748 1503 813 paupe·

412 830 498 894 ribus
513 829 723 910 oppressivum
739 853 767 893 ι.
781 830 905 905 Vemm,
919 845 987 894 cunr
1004 831 1040 894 de
1057 831 1133 894 thesi
1149 832 1191 894 ita
1207 832 1305 911 posita
1320 831 1504 911 explicanda

411 946 448 993 ac
467 928 675 992 confirmanda
697 929 808 1008 agitur,
833 938 905 1009 quot
926 934 1088 993 occurrunt
1109 930 1291 993 sententiae!
1315 939 1389 1009 qnot
1410 945 1503 1009 saepe

329 1089 331 1092 ,
411 1028 546 1091 theoriae
561 1026 652 1089 simul
672 1025 881 1106 proferuntur!
905 1028 938 1090 ln
959 1028 1017 1090 hoc
1038 1029 1120 1091 enim
1142 1028 1296 1108 imprimis
1318 1029 1431 1090 versari
1453 1028 1501 1089 vi-

412 1128 522 1192 dentur
533 1134 566 1188 nt
581 1127 691 1190 thesim
704 1127 789 1189 illam
800 1127 909 1206 quovis
921 1128 1011 1191 modo
1023 1129 1213 1205 confirment3
1226 1129 1354 1209 ideoque
1366 1129 1501 1209 quodam

411 1223 630 1290 sententiarum
646 1225 819 1289 eclectismo
831 1233 949 1288 utentes
965 1237 1027 1289 turn
1041 1228 1148 1290 titulos
1159 1229 1344 1291 extrinsecos
1356 1229 1501 1307 antiquos

413 1325 546 1405 allegare
556 1323 665 1396 solent,
679 1339 830 1404 saepeque
841 1340 947 1399 novos,
962 1341 1008 1388 cx.
1020 1343 1051 1404 g.
1062 1325 1184 1389 titulum
1200 1326 1328 1406 legalem
1340 1327 1387 1400 vel
1402 1348 1416 1383 e
1431 1327 1502 1390 titu-

412 1424 475 1487 lum
492 1423 695 1494 locationis»,
713 1422 841 1494 addunt,
857 1433 920 1485 turn
936 1425 1096 1503 pecuniam
1112 1424 1277 1488 hodiedum
1293 1425 1324 1487 in
1340 1424 1499 1488 selectam

411 1530 478 1586 esse
493 1519 668 1585 loeeundam
685 1522 729 1584 vel
746 1538 888 1601 expresse
904 1522 1071 1585 delendunt
1083 1524 1127 1587 vel
1145 1524 1291 1604 implicite
1309 1534 1495 1610 supponunt.

402 1619 517 1701 'ltaque
535 1621 566 1682 in
589 1620 665 1684 thesi
681 1621 822 1700 ponenda
838 1621 1032 1696 conveniunt,
1050 1631 1080 1685 at
1096 1623 1283 1698 nullomodo,
1302 1624 1361 1686 nisi
1377 1633 1498 1686 externe

410 1729 441 1783 et
456 1720 649 1792 nominatim,
667 1720 699 1782 in
714 1736 748 1782 ea
764 1719 983 1783 confirmanda.

452 1819 499 1882 Ab
516 1818 621 1881 eodem
638 1817 738 1881 medio
759 1820 880 1882 saeculo
892 1820 975 1895 xlx,
989 1821 1199 1882 oeconomlstue
1213 1831 1242 1884 et
1251 1822 1397 1901 juristae,
1418 1820 1499 1901 quod

411 1934 505 1997 supra
524 1917 586 1994 jam
609 1916 793 1990 notavimus,
821 1918 983 1981 liceitatem
1003 1918 1129 1982 loenoris
1153 1920 1332 1999 plerumque
1351 1936 1499 2000 praesup-

412 2025 570 2104 ponenles‚
589 2016 741 2096 imprimis
759 2017 839 2080 hanc
853 2019 1062 2097 quaestionem
1078 2018 1115 2081 ab
1131 2029 1257 2081 exeunte
1273 2019 1394 2082 saeculo
1414 2028 1500 2082 ante-

410 2116 486 2179 riori
502 2124 599 2178 ortam
615 2133 845 2197 nonnumquam
866 2119 1057 2181 vehementer
1075 2118 1238 2197 agitarunl,
1260 2128 1362 2181 ulrum
1384 2119 1501 2181 scilicet

411 2214 503 2294 plena
528 2214 653 2278 libertas
678 2231 789 2278 usurae
804 2216 845 2278 sit
859 2216 1069 2295 relinquenda,
1087 2233 1126 2279 an
1149 2229 1270 2280 econtra
1296 2217 1499 2296 ecquomodo

413 2313 569 2394 legislator
583 2315 699 2377 crimen
715 2315 791 2377 illud
807 2323 875 2394 apte
890 2315 997 2377 deheat
1012 2333 1047 2378 ac
1061 2316 1158 2396 possit
1173 2315 1332 2396 impedire.

453 2413 569 2476 Deinde
580 2421 609 2475 et
621 2413 811 2492 praesertim,
822 2414 1037 2487 controversia,
1049 2431 1140 2494 quam
1153 2415 1190 2477 ab
1202 2415 1498 2478 initiosaeculolllll

410 2519 509 2575 ortam
535 2512 717 2585 notavimus
745 2512 861 2574 scilicet
890 2512 1074 2591 quibusnam
1103 2513 1219 2575 ultimis
1252 2513 1411 2575 elementis
1431 2528 1498 2593 pro·

410 2611 542 2674 ductivis
566 2610 750 2684 auctarium,
774 2611 897 2690 capitali
923 2611 1085 2685 tributum,
1110 2613 1264 2692 gignatur,
1293 2612 1399 2674 eadem
1428 2627 1496 2673 cum

411 2709 522 2773 iisdem
551 2708 793 2771 multiformibus
828 2710 1036 2789 opinionibus,
1071 2711 1127 2772 etsi
1164 2711 1233 2789 plus
1273 2710 1410 2772 minusve
1445 2708 1499 2771 ali-

411 2808 534 2888 quando
550 2807 769 2883 transmutatis,
787 2809 953 2870 maximam
969 2809 1173 2871 oeconomicae
1189 2809 1332 2872 scientiae
1347 2807 1498 2870 cultorum

414 2907 599 2970 activitatem
628 2892 764 2981 stimula,
788 2922 824 2968 ac
846 2907 1006 2969 innumera
1028 2907 1141 2987 scripta
1163 2907 1271 2970 excita.
1300 2907 1375 2970 Cum
1398 2915 1498 2969 autem

412 3021 505 3084 supra
528 3004 698 3068 tendentias
721 3004 791 3066 illas
813 3005 1051 3068 caracteristicas
1073 3004 1338 3079 delineaverimus,
1356 3014 1385 3066 et
1407 3003 1498 3066 simul

413 3103 594 3183 praecipuos
609 3111 753 3182 patronos
770 3103 1018 3179 indicaverimus,
1035 3104 1099 3166 illis
1120 3104 1170 3166 hic
1190 3120 1253 3167 non
1269 3103 1332 3182 iarn
1348 3111 1393 3166 est
1408 3103 1498 3166 insis-

410 3201 549 3263 tendum.

454 3298 586 3361 Proinde
609 3306 746 3361 remanet
766 3308 799 3361 ut
819 3309 855 3361 or
880 3301 937 3363 hoc
963 3301 1179 3364 sententiarum
1207 3300 1378 3380 labyrintho
1404 3310 1499 3365 status

411 3398 601 3477 quaestionis
622 3398 789 3462 hodiernus
804 3399 991 3463 desumatur.
1010 3401 1107 3475 Quod,
1126 3400 1150 3462 si
1168 3400 1276 3480 placet,
1294 3409 1362 3480 post
1377 3400 1499 3464 brevem

410 3496 651 3571 conclusionem,
669 3496 813 3560 ultimum
827 3498 972 3563 historiae
988 3499 1175 3579 quaestionis
1189 3498 1302 3561 habeas
1318 3499 1496 3579 capitulum.

841 3772 1070 3837 CONCLUSIO.

452 3986 528 4048 Cum
543 3985 645 4064 itaque
659 3984 699 4048 ad
714 3985 795 4048 hanc
809 3985 969 4066 periodum
983 3986 1223 4066 pervenerimus,
1240 3985 1272 4047 in
1295 4001 1355 4064 qua
1376 3986 1499 4049 obtenta

410 4083 540 4159 videtur,
570 4099 632 4146 non
658 4084 785 4163 pacifica
813 4085 967 4164 possessio
993 4085 1139 4151 veritatis,
1168 4082 1221 4146 sed
1247 4085 1348 4163 potius
1374 4086 1499 4164 pacifica

411 4180 536 4244 libertas
555 4181 739 4245 discutiendi
759 4181 921 4263 principia,
939 4193 1101 4263 antequam
1122 4182 1251 4245 ulterius
1272 4181 1494 4263 progredimur,
