3242 4959
364 465 430 512 ean.
446 466 480 511 11.
496 463 641 510 omnum
654 463 805 510 suenrus
818 463 1018 510 seouasnelu.
1176 442 1241 510 lte

38 678 47 688 .
146 625 278 708 exempli
292 628 401 708 gratia,
418 628 451 691 S.
470 627 650 700 Bemardini
672 626 817 692 Senensis
839 634 869 690 et
891 627 924 690 Sss
940 625 1088 691 Antonini
1108 626 1236 690 Floren-

25 743 45 788 0
143 725 215 802 tini,
228 743 288 789 000
298 727 438 807 capitalis
448 727 597 806 inceperit
607 725 731 791 attribui
743 724 891 806 pecuniae
902 725 1001 788 cuivis
1012 723 1174 788 lucrativae
1185 727 1234 803 (ab

144 839 203 887 nec
226 823 290 888 vim
314 824 458 905 ponimus
483 825 516 887 in
540 825 609 901 boe,
632 824 806 905 pecuniam,
830 839 908 903 quae
929 822 1015 904 prius
1034 821 1150 886 sterilis
1170 822 1234 888 dici

143 921 267 997 soleret,
284 922 356 986 inde
371 939 389 986 a
403 923 526 987 saeculo
537 923 605 986 XVl
620 937 853 1002 nonnumquam
866 919 1037 1000 seeundum
1052 921 1152 987 vocari
1169 922 1204 999 (a)
1221 937 1232 986 ε

144 1021 372 1102 inspiciendum
386 1024 469 1086 enim
484 1033 531 1086 est
545 1038 679 1102 quonam
693 1038 786 1086 sensu
800 1021 874 1084 talia
889 1019 1092 1103 proferantur.

148 1121 151 1124 ’
186 1122 237 1195 At,
268 1123 454 1202 quibusnam
478 1139 515 1187 ex
539 1121 678 1187 lontibus
701 1121 815 1201 aliquis
834 1121 950 1200 justum
973 1121 1091 1184 lucrum
1111 1120 1236 1187 bauure

143 1229 245 1301 potest
259 1221 434 1286 immediate
453 1239 489 1286 ae
503 1221 694 1287 formaliter?
715 1222 759 1285 En
780 1220 897 1300 duplici
920 1227 1050 1295 tanturm
1066 1220 1234 1286 scilicetex
1467 1273 1469 1277 .

142 1327 262 1384 nutura
281 1331 309 1386 et
328 1339 366 1386 ex
387 1322 490 1386 lohere
508 1339 563 1385 seu
582 1321 742 1384 industrio
762 1319 900 1383 humone
916 1320 1032 1400 :prior
1052 1320 1239 1400 intelligitur.
1285 1335 1288 1340 ’
1353 1348 1355 1352 ·
1380 1349 1402 1358 ··

31 1460 36 1469 ⁶
143 1434 195 1482 res
210 1427 419 1500 quaecumque
430 1420 589 1490 naturalis,
603 1420 651 1484 cui
666 1419 714 1482 vis
725 1420 805 1483 inest
816 1418 1079 1498 norumaliquem
1099 1418 1234 1483 valorem
1310 1427 1337 1456 ’·

145 1518 339 1597 germinandi
363 1535 417 1582 seu
441 1518 604 1582 utilitatem
631 1535 668 1580 ex
694 1533 761 1580 sese
790 1515 935 1580 afferendi
963 1516 1027 1578 sive
1054 1531 1114 1595 qua
1141 1531 1233 1608 causa

25 1629 34 1669 21
145 1618 337 1699 principalis,
355 1621 419 1683 sive
440 1635 501 1700 qua
521 1618 778 1695 instmmentalis;
795 1618 891 1682 altera
906 1632 987 1692 vero,
1004 1632 1074 1681 cum
1097 1617 1129 1680 in
1150 1616 1235 1680 utili·

26 1728 35 1769 f
143 1729 239 1784 utem
253 1721 385 1802 proximi
401 1728 581 1802 praestetur,
597 1720 717 1784 etiamsi
733 1719 765 1783 in
780 1735 845 1782 rem
861 1718 898 1782 de
913 1734 946 1782 se
960 1717 1095 1784 sterilem
1105 1716 1234 1792 feratur,

27 1860 34 1868 κ
144 1836 267 1899 semper
287 1828 333 1883 est
352 1821 450 1900 pretio
474 1818 676 1884 aestimabilis
697 1826 727 1882 et
747 1817 876 1898 proinde
898 1816 1048 1881 laboranti
1072 1814 1232 1898 frugifera.

25 1927 35 1967 t
144 1919 229 1993 Qarae
243 1921 414 1983 accuratius
428 1935 510 1983 nune
524 1917 703 1999 exponenda
717 1917 844 1981 veniunt
860 1933 868 1981 :
886 1916 951 1991 sed,
968 1931 1038 1980 cum
1057 1915 1131 1980 satis
1152 1915 1235 1980 inter

26 2010 34 2069 ὲ
143 2017 260 2097 peritos
280 2019 441 2082 conveniat
460 2020 496 2096 (0)
510 2017 623 2097 duplex
641 2017 675 2079 in
695 2015 823 2079 scientia
842 2015 1001 2079 scolastica
1022 2014 1146 2095 agnosci
1168 2014 1232 2078 ele·

25 2128 39 2169 u
144 2123 282 2179 mentum
310 2116 540 2196 productivum,
569 2115 748 2195 praesertim
777 2113 995 2194 inquirendum
1024 2119 1070 2176 est
1097 2127 1231 2192 quanam

26 2226 40 2265 ῑ»
144 2215 273 2291 ratione,
291 2231 461 2294 quonamve
475 2229 618 2278 mensura
632 2217 693 2277 duo
708 2213 763 2277 illa
774 2213 946 2276 habeantur
959 2210 1114 2275 imcunda.

299 2465 313 2538 t
327 2463 351 2525 l.
369 2463 416 2526 De
428 2467 544 2525 nature
558 2479 613 2525 seu
629 2461 666 2526 de
680 2462 769 2534 rebus
783 2480 840 2525 uun
855 2479 889 2526 su
902 2461 1075 2540 srupiscris.

185 2645 234 2709 hd
256 2646 472 2726 inquirendum
494 2662 644 2726 quaenam
666 2662 715 2709 res
735 2653 769 2708 ut
793 2662 848 2725 per
872 2661 905 2709 se
930 2643 1093 2726 frugiferae
1120 2663 1173 2710 seu
1198 2655 1232 2712 ut
1350 2715 1351 2718 ,

26 2761 31 2765 ’
145 2742 277 2824 capitale
291 2744 372 2817 reule
385 2744 555 2808 habeantur
565 2747 612 2824 (t),
627 2744 801 2808 nullatenus
813 2755 859 2806 est
870 2743 1053 2807 studendum
1065 2745 1232 2807 contractui

176 2964 212 3026 (ll
227 2965 266 3021 lle
284 2965 334 3020 hae
351 2964 511 3032 quaestione
528 2964 582 3020 hoc
598 2963 682 3020 modo
699 2962 846 3026 intellecta.
867 2966 898 3020 ut
916 2963 1070 3020 notavimus
1080 2963 1124 3027 (cl.
1138 2979 1232 3033 supra,

29 3054 30 3057 ’
144 3061 171 3112 p.
182 3045 240 3111 llll,
252 3061 279 3102 n.
290 3047 323 3110 1),
335 3047 494 3112 praesertim
503 3046 559 3112 equ
567 3047 598 3102 u.
606 3047 691 3111 Funn,
703 3046 839 3099 Ueberdo'e
848 3046 1050 3100 utonomiscben
1058 3047 1236 3102 0100010000-

143 3145 192 3196 pen
207 3133 257 3185 cler
268 3131 514 3185 mittelalterlielten
531 3130 679 3196 Tbeotoqcn
696 3129 823 3192 (Zeitselt.
836 3127 856 3192 s.
870 3131 913 3183 0110
923 3135 1069 3196 pesummle
1083 3131 1232 3185 8100130010-

26 3253 29 3257 ,
144 3211 287 3276 obmotuit,
297 3213 363 3267 xllll
372 3210 467 3275 (tacu),
477 3225 504 3277 p.
515 3209 734 3273 rhutubi-Ino
747 3210 868 3266 donrznn
881 3211 934 3276 (op.
943 3225 977 3276 0.,
989 3225 1016 3276 p.
1028 3209 1080 3276 8'l),
1091 3210 1235 3269 doetrinae

25 3320 26 3323 ¹
145 3294 260 3350 studens
270 3308 286 3349 a
297 3293 423 3350 Gabriele
434 3293 490 3348 biel
508 3292 542 3348 ad
558 3292 642 3351 linem
653 3307 676 3348 s.
690 3293 734 3348 xv
745 3293 912 3360 propositae,
926 3293 1048 3350 invenire
1059 3294 1111 3350 sibi
1124 3294 1234 3353 videtur

145 3375 230 3431 «eine
239 3375 356 3441 llhnunq
366 3389 421 3432 von
431 3375 482 3431 der
492 3374 658 3432 wirltlichen
667 3375 867 3432 Produclivitdt
877 3374 927 3432 des
938 3375 1086 3442 capitoleo,
1105 3390 1139 3434 eo
1156 3377 1232 3444 quod

25 3516 26 3519 ,
146 3455 252 3513 Gabriel
264 3457 374 3513 lucrum
390 3456 488 3522 probet
505 3469 540 3512 ex
558 3455 659 3512 damno
676 3457 837 3523 emergenti.
856 3469 892 3512 ex
909 3457 987 3513 lucro
1004 3461 1135 3526 cessante,
1154 3460 1231 3514 etex

146 3539 284 3595 societate.
297 3539 324 3595 Si
336 3539 390 3595 tale
400 3537 467 3606 quid
480 3538 615 3605 significet
625 3539 750 3605 capitalis
760 3539 943 3605 existentiam,
953 3539 1027 3596 nulla
1036 3543 1078 3596 est
1086 3539 1234 3597 dililcultas

25 3632 26 3635 ’
146 3621 259 3677 eandem
268 3621 343 3687 apud
354 3634 451 3678 omnes
461 3620 621 3677 scolasticos
632 3620 797 3687 reperiendi.

178 3703 213 3766 (1)
228 3704 278 3760 llio
294 3702 425 3770 loquendi
443 3702 542 3760 modus
559 3702 784 3770 deprehenditur,
803 3719 830 3759 v.
843 3717 882 3769 g„
901 3703 973 3770 apud
992 3703 1117 3768 Lnssuuu,
1135 3718 1176 3770 op.
1196 3719 1232 3770 0.,

147 3783 165 3839 l.
178 3787 210 3851 ll,
222 3799 248 3841 0.
260 3785 302 3850 il),
314 3785 381 3842 dub.
394 3786 436 3848 lt,
453 3799 482 3840 n.
494 3784 541 3850 883
560 3785 627 3842 dub.
640 3784 682 3851 10,
701 3799 730 3841 n.
742 3784 777 3843 80
794 3787 848 3842 ete.
866 3784 953 3852 liuius
969 3785 1083 3842 modum
1100 3785 1231 3852 loquendi

147 3867 226 3924 multi
239 3870 301 3934 pest
312 3868 402 3934 ipsum
411 3867 606 3924 adhibuerunt.
1068 3931 1069 3936 γ
1107 3931 1109 3934 ,
1189 3931 1191 3936 ,

179 3949 214 4014 13)
229 3950 386 4008 Socblistae
407 3953 498 4007 umen
521 3950 647 4006 hodierni
670 3950 837 4006 inscientia
863 3949 1002 4008 scolastica
1032 3949 1154 4008 hirenire
1176 3951 1230 4008 sibi

147 4031 274 4090 videntur
285 4047 368 4090 suum
380 4034 504 4100 ipsorum
515 4031 677 4098 figmentum
688 4031 724 4088 de
735 4032 829 4089 labore
840 4033 969 4097 humano,
983 4034 1014 4090 ut
1025 4031 1085 4088 solo
1095 4031 1233 4092 elemento

148 4113 280 4180 huqiiero
293 4134 301 4172 ε
313 4118 342 4172 at
353 4115 501 4179 immerito,
513 4118 545 4170 ut
556 4114 729 4182 expositione
739 4116 865 4182 sequenti
877 4114 990 4182 patebit.
1081 4175 1083 4180 ,
1220 4165 1222 4174 .

179 4197 213 4261 (l)
230 4197 344 4263 quaein
362 4198 459 4258 bouet
476 4198 600 4264 sequenti
612 4198 626 4260 l
637 4197 671 4256 de
687 4196 829 4254 scolastica
846 4197 970 4255 doctriua
987 4197 1143 4264 statuimus,
1157 4211 1232 4265 urae
