3242 4959
429 375 493 440 lla
558 459 561 462 ῃ
801 395 873 441 nans
887 396 1009 444 aeruna.
1027 397 1107 443 seor.
1124 397 1154 446 ιε

429 559 590 639 hucusque
611 559 649 623 de
669 560 799 640 pecuma
820 559 1022 624 disseruimus
1045 578 1053 624 :
1077 567 1199 624 moneta
1221 577 1274 625 seu
1295 562 1435 642 pecunia,
1458 579 1519 642 que

430 658 516 728 tolie.
532 657 668 738 adeoque
684 658 765 722 tituli
786 659 906 731 crediti,
923 676 992 723 uere
1014 676 1121 723 omnes
1141 660 1270 736 calores,
1289 661 1427 742 bonaque
1448 661 1517 723 uni-

429 773 528 831 versa,
546 757 643 836 pretio
659 756 875 833 aestimabilia,
892 758 994 837 ipsum
1016 759 1079 822 imo
1097 759 1249 824 humanae
1267 759 1433 823 industriae
1448 776 1517 838 pre·

428 856 507 919 tium
529 856 704 934 significant
729 872 765 919 ae
789 864 1028 935 repraesentant,
1054 865 1093 932 et,
1118 858 1145 920 si
1168 859 1264 938 ligura
1289 866 1420 932 utamur,
1451 860 1517 939 ipsa

427 962 578 1034 portant:
604 954 678 1017 «sic
696 970 779 1034 ergo,
796 955 898 1019 verbis
916 956 1068 1036 loquendo
1088 958 1120 1020 S.
1137 958 1270 1021 Thomae
1291 957 1453 1036 aquinatis
1471 960 1515 1034 (a),

428 1068 483 1133 pro
500 1052 677 1116 necessitate
692 1051 812 1114 luturae
825 1055 1084 1126 cornmutationis‚
1099 1055 1263 1129 numisma,
1282 1054 1359 1118 idest
1372 1054 1517 1118 denarius

425 1162 474 1214 est
500 1151 590 1214 nohis
615 1151 703 1230 quasi
726 1150 890 1230 fidejussor
909 1150 1003 1231 quod,
1029 1153 1054 1213 si
1078 1153 1109 1215 in
1134 1154 1287 1233 praesenti
1313 1154 1404 1217 homo
1430 1153 1516 1216 nullo

428 1250 546 1329 indiget
565 1249 619 1312 sed
642 1249 777 1328 indigeat
797 1250 830 1310 in
852 1249 965 1324 lutura,
982 1249 1081 1314 aderit
1095 1251 1166 1326 sihi,
1183 1252 1319 1315 offerenti
1342 1252 1512 1324 denarium,

426 1349 505 1412 illud
518 1365 578 1428 quo
590 1349 750 1428 indigebit.
763 1371 777 1404 »
792 1349 879 1412 Unde
892 1349 1020 1412 ulterius
1032 1385 1072 1394 -
1084 1350 1165 1432 quod
1181 1351 1305 1414 maximi
1322 1352 1353 1412 in
1367 1350 1515 1414 hodierna

424 1448 570 1511 societate
584 1456 631 1510 est
644 1447 790 1510 momenti
803 1447 881 1508 —si
896 1445 1019 1510 divitias
1034 1447 1199 1526 obiectivas
1212 1464 1281 1512 vere
1296 1456 1511 1527 repraesentat,

423 1546 562 1625 adeoque
580 1545 694 1609 «nohis
708 1553 754 1608 est
769 1546 856 1624 quasi
874 1545 1070 1624 fidejussor»,
1088 1563 1124 1610 eo
1139 1547 1206 1628 ipso
1220 1547 1311 1628 fidem
1329 1547 1418 1610 nohis
1432 1546 1513 1627 apud

422 1657 560 1711 caeteros
574 1647 664 1727 parit.

467 1749 505 1810 ilt
519 1747 561 1810 ita
576 1747 613 1810 ad
628 1763 663 1810 ea
679 1747 815 1810 redimus
830 1763 907 1826 quae
926 1748 965 1811 ab
985 1747 1073 1811 initio
1094 1748 1185 1826 huius
1199 1747 1308 1828 capitis
1324 1747 1487 1811 statuimus
1502 1763 1510 1809 :

425 1846 585 1925 pecuniam
602 1846 766 1925 titulosque
785 1855 920 1909 caeteros
938 1845 1102 1909 hodiedum
1123 1861 1230 1910 omnes
1249 1846 1371 1910 divitias
1390 1861 1511 1927 reprae-

425 1952 556 2016 sentare,
572 1959 608 2015 ac
622 1943 795 2006 universale
812 1944 875 2006 lieri
891 1943 1128 2007 instrumentum
1143 1943 1361 2024 negotiationis
1378 1960 1385 2006 :
1404 1959 1510 2022 quam·

426 2040 473 2102 vis
487 2041 568 2103 enim
584 2041 616 2103 S.
633 2041 766 2104 Thomas
781 2040 893 2104 directe
908 2040 959 2104 hic
974 2040 1116 2119 loquatur
1130 2041 1168 2104 de
1183 2040 1274 2104 rehus
1291 2041 1330 2103 ad
1349 2039 1512 2104 vivendum

424 2139 616 2213 necessariis,
644 2140 721 2202 nihil
747 2150 850 2202 tamen
879 2139 980 2203 obstat
1008 2140 1173 2218 quominus
1202 2139 1300 2220 ipsius
1325 2140 1511 2220 principium

419 2239 516 2301 etiam
537 2237 628 2302 rebus
647 2236 686 2300 ad
708 2236 938 2317 producendum
953 2237 1125 2312 destinatis,
1143 2237 1175 2300 id
1193 2246 1239 2300 est
1257 2237 1392 2317 capitali,
1411 2237 1510 2318 appli-

420 2346 518 2410 cetur,
535 2337 597 2400 imo
613 2353 682 2400 vero
699 2337 730 2399 id
746 2337 850 2400 omnia
866 2337 1002 2416 exigunt.
1020 2337 1205 2410 Quotidiana
1220 2336 1406 2416 experientia
1422 2337 1512 2400 docet

421 2436 569 2515 pecuniae
598 2435 854 2515 significationem
884 2451 919 2498 ac
951 2434 1259 2514 repraesentationem
1289 2450 1351 2498 non
1380 2435 1445 2513 jam
1475 2433 1510 2497 ad

421 2535 503 2598 bona
523 2534 653 2612 alicujus
675 2534 810 2614 regionis
833 2534 876 2596 rel
901 2534 1013 2613 speciei
1036 2533 1191 2613 restringi,
1210 2533 1263 2597 sed
1286 2549 1355 2596 rere
1378 2534 1417 2596 ad
1432 2535 1511 2597 hona

419 2635 560 2698 omnium
572 2635 732 2714 regionum
748 2650 782 2697 ao
794 2635 965 2713 specierum
978 2633 1099 2697 extendi
1113 2651 1120 2696 :
1135 2633 1187 2713 qui
1200 2649 1351 2696 summam
1363 2635 1510 2712 pecuniae

420 2733 569 2813 possidet,
585 2732 812 2812 aequivalenter
827 2732 964 2812 possidet
979 2732 1059 2796 bona
1074 2732 1177 2795 omnia
1191 2731 1426 2810 aequivalentia.

462 2831 548 2907 Quod
578 2831 764 2911 principium
794 2840 968 2894 constanter
996 2847 1068 2911 prae
1097 2831 1194 2894 oculis
1222 2829 1409 2906 habendum,
1441 2845 1510 2894 cum

418 2933 533 3012 partim
553 2932 592 2995 ah
613 2930 719 2996 eodem
742 2931 871 3011 pendeat
892 2932 1004 2995 solutio
1029 2931 1217 3011 quaestionis
1238 2939 1369 2993 nostrae.
1388 2931 1426 2993 Et
1441 2930 1508 3010 qui-

417 3032 489 3094 dem
506 3031 644 3110 plerique
664 3030 804 3094 hodierni
827 3039 961 3108 censent,
978 3031 1037 3094 hoc
1058 3030 1210 3111 principio
1232 3037 1342 3093 statuto
1358 3046 1393 3092 ac
1409 3029 1508 3110 appli-

417 3140 498 3204 cato,
516 3128 620 3192 omnia
632 3129 695 3206 jam
711 3129 840 3192 absolvi.

462 3335 494 3397 l⁰
518 3335 753 3400 Oldconomistae
782 3334 920 3415 plerique
947 3335 1134 3416 principium
1163 3334 1241 3398 illud
1269 3335 1451 3415 simpliciter
1480 3344 1508 3396 et

421 3433 558 3497 absolute
581 3432 699 3496 notioni
720 3432 860 3512 capitalis
882 3433 1045 3496 modernae
1060 3449 1153 3513 quam
1174 3449 1267 3514 supra
1289 3433 1507 3513 descripsimus

417 3530 585 3611 applicant,
604 3545 712 3610 nempe
726 3531 784 3595 hoc
799 3530 889 3594 modo
908 3548 915 3594 :

461 3629 573 3694 Omnia
587 3629 678 3703 hona,
695 3628 822 3708 proinde
838 3638 867 3713 et
888 3629 1028 3710 capitale,
1045 3645 1114 3694 vere
1129 3638 1159 3693 et
1173 3629 1262 3710 plene
1277 3639 1505 3710 repraesentan-

414 3739 466 3793 tur
480 3728 620 3809 pecunia.

458 3826 551 3906 atqui
573 3825 715 3907 capitalis
735 3835 807 3889 nota
828 3825 1002 3890 essentialis
1022 3835 1068 3890 est
1089 3827 1121 3890 in
1146 3827 1204 3891 hoc
1229 3826 1310 3907 quod
1336 3827 1505 3892 auctarium

419 3926 571 4007 producit.

449 4133 484 4197 (l)
499 4135 535 4188 In
545 4135 644 4201 Elicio,
658 4135 688 4200 V,
701 4134 727 4190 9.
