3242 4959
439 480 503 526 cnr.
520 479 553 525 rr.
571 479 608 525 nr
623 478 786 526 conrnacru
802 479 927 525 cneum.
1167 459 1237 525 265-

36 685 37 694 2
124 657 189 705 nec
207 657 276 704 vere
298 641 464 705 solentidco
487 641 692 722 applicabant,
710 640 800 705 unice
823 641 909 721 quasi
934 641 1041 704 intenti
1062 648 1096 703 ut
1117 641 1228 721 proba·

126 749 202 805 rent
217 751 374 823 peceatum
390 759 512 817 usurae,
528 741 590 805 vita
610 742 798 806 oeconomica
822 743 963 822 quamvis
985 749 1111 815 mutata,
1129 740 1238 804 nulla»

122 847 224 903 tenus
251 857 317 903 esse
338 840 534 904 abolendum.
560 839 630 904 Ideo
654 840 790 921 praecIse
811 840 964 920 oppositio
984 841 1062 902 inter
1078 847 1227 919 utrasque

126 936 322 1018 litigantium
348 948 449 1019 partes
471 939 604 1001 maxime
625 947 713 1002 acuta
736 946 792 1014 est,
819 945 849 1001 et
874 937 941 1002 ideo
963 938 1127 1001 ultimatim
1148 954 1237 1001 nova·

120 1037 241 1100 schola
255 1037 455 1110 oeconomica‚
473 1037 623 1101 severiora
639 1037 790 1118 principia
810 1037 903 1100 simul
926 1053 961 1100 ac
982 1035 1117 1100 severius
1138 1051 1224 1116 prac-

120 1136 228 1200 ticum
238 1137 386 1214 judicIum
402 1137 466 1200 illis
478 1137 554 1217 ipsis
567 1137 755 1216 relinquens,
765 1137 826 1200 alia
838 1135 989 1217 principia
1001 1144 1034 1198 ut
1044 1136 1226 1201 inconcussa

119 1235 271 1311 admisit,
299 1253 335 1298 er
361 1235 474 1316 quibus
498 1236 677 1316 plenissima
702 1237 733 1298 in
755 1236 813 1299 lrac
840 1235 1016 1315 quaestione
1045 1235 1225 1314 opinionum

118 1332 273 1396 conlusio
288 1334 462 1414 pullulavit.
481 1333 567 1398 Unde
583 1349 655 1413 prae
677 1333 773 1396 oculis
795 1333 886 1396 nobis
905 1342 994 1395 erunt
1015 1333 1166 1412 principia
1187 1334 1225 1396 de

125 1431 219 1495 lucro
234 1440 370 1495 cessante
387 1449 463 1513 quae
479 1442 618 1496 auctores
641 1433 762 1496 saeculo
784 1431 962 1512 praesertim
978 1432 1061 1494 lIVll
1076 1432 1222 1508 viventes,

120 1530 196 1592 veri
211 1531 356 1595 scientiae
377 1532 504 1595 moraIIs
525 1532 690 1612 principes,
714 1540 882 1594 statuemur
905 1547 941 1594 ac
962 1531 1182 1609 firmaverunt(
1200 1535 1221 1608 l.

161 1745 201 1808 (1)
217 1745 266 1800 llio
276 1744 380 1811 jurabil
391 1743 526 1811 quaedam
538 1747 634 1800 notare
646 1746 673 1799 in
685 1744 839 1800 doctrinam
850 1746 879 1798 S.
898 1746 1014 1799 Itomae
1025 1745 1097 1800 cirea
1115 1743 1224 1802 lucrum

116 1839 251 1882 cessam.
272 1827 419 1893 Postquam
439 1827 552 1883 tilulum
572 1826 651 1883 illum
669 1826 792 1893 juristae,
816 1826 899 1882 Paulo
922 1825 958 1882 de
980 1825 1073 1882 Castro
1095 1826 1174 1889 duce,
1196 1828 1225 1882 et

115 1909 262 1973 theologi,
277 1909 348 1965 duee
359 1908 494 1975 Caietano.
508 1908 593 1965 lerme
605 1910 789 1964 communiter
801 1909 997 1974 pronaverant.
1011 1909 1136 1976 quamvis
1152 1910 1223 1964 circa

115 1988 308 2045 accidentalia
325 1990 398 2046 inter
415 1995 542 2046 auctores
561 1990 682 2046 nondum
701 1992 870 2052 conveniret,
883 1991 1027 2046 -exinde
1045 1992 1171 2057 plerique
1189 1991 1223 2046 ad

125 2078 225 2129 nostra
245 2088 333 2141 usone
351 2078 473 2141 tempora
493 2074 519 2130 S.
533 2075 652 2130 Thomas
670 2074 834 2136 doctrinam,
853 2089 917 2130 cum
935 2074 1060 2140 Caietano
1079 2076 1117 2138 (in
1134 2075 1223 2135 ΜΞ,

115 2170 155 2221 u.
177 2155 309 2220 LXXVIII,
331 2170 355 2211 a.
377 2157 402 2221 I,
422 2157 455 2212 ad
476 2158 511 2220 l),
532 2158 560 2212 in
581 2171 662 2213 sunm
680 2170 791 2213 sensum
811 2157 949 2223 explicare
969 2156 1068 2212 solent.
1090 2159 1223 2212 asserunt

118 2251 231 2306 nempe
242 2241 294 2294 cll.
308 2239 439 2295 thomam
453 2240 528 2307 loqui
548 2241 585 2296 ibi
602 2240 638 2295 de
656 2240 734 2296 luero
748 2244 863 2305 remoto,
877 2254 975 2306 nempe
984 2240 1095 2307 ouando
1107 2241 1223 2306 pecunia

118 2320 254 2376 nondum
271 2325 331 2376 erat
349 2323 527 2388 negotiationi
546 2322 693 2385 destinata;
715 2323 758 2380 vel
779 2327 855 2378 certe
875 2323 966 2378 solum
986 2322 1045 2378 vult
1065 2336 1120 2378 non
1141 2336 1222 2388 posse

116 2407 239 2461 tantum
256 2407 338 2472 exigi
358 2411 492 2472 quantum
510 2410 569 2463 erat
588 2408 696 2463 lucrum
715 2408 856 2474 possibile,
874 2421 929 2463 non
947 2413 1038 2462 tamen
1055 2409 1135 2472 negat
1152 2406 1221 2473 quin

115 2504 193 2557 :spes
211 2491 256 2546 illa
275 2492 355 2556 lucrI,
374 2506 446 2559 quae
465 2493 580 2549 minoris
600 2493 680 2556 valet,
700 2507 782 2558 quam
804 2493 862 2558 ipsa
884 2505 927 2547 res
947 2494 1064 2556 sperata,
1084 2490 1171 2555 possit
1192 2491 1220 2545 in

118 2576 240 2639 paetum
257 2573 412 2630 deduci...»
431 2575 558 2638 (Lnssrus
577 2589 618 2640 op.
638 2591 672 2639 c„
693 2575 711 2630 l.
731 2577 762 2639 II,
784 2581 810 2630 c:
831 2574 873 2639 20,
895 2588 923 2628 n.
944 2573 994 2632 82).
1014 2576 1139 2628 Attamen
1155 2586 1219 2628 cum

118 2654 258 2719 Adriano,
278 2657 352 2720 Solo,
372 2656 542 2719 Govarruvia,
556 2656 664 2722 angles,
678 2656 823 2721 Aragouio,
838 2656 925 2722 lopez
943 2660 971 2711 et
988 2655 1107 2721 Lugone.
1121 2655 1217 2710 saltem

117 2736 284 2793 «diceremus
302 2738 328 2792 S.
342 2738 473 2793 Tlromam
494 2751 611 2794 «revera
629 2737 739 2794 dilllcile
756 2738 911 2804 explicari»
930 2735 974 2799 tol.
991 2751 1026 2791 nn
1045 2739 1128 2802 tuso,
1147 2739 1165 2791 t.
1181 2753 1215 2802 a,

121 2817 510 2882 autumnitanorum
520 2817 1214 2875 nobisvidenturdioendadeS.Ihomaesententia:

159 2903 190 2955 l⁰
201 2903 232 2956 In
243 2901 272 2955 i·
283 2902 326 2965 ie,
340 2916 367 2967 o.
382 2902 455 2966 LIIII,
474 2915 557 2967 agens
573 2900 607 2956 de
624 2901 797 2956 restitutione
814 2901 843 2954 in
860 2913 969 2966 genere,
984 2900 1062 2965 ponIt
1079 2899 1131 2954 lroe
1143 2900 1217 2966 prin·

122 2985 232 3051 cipium
249 2985 376 3050 generale
393 2984 428 3041 de
446 2984 612 3042 restrtuenda
631 2984 847 3049 donrmficoto'onc
864 2986 898 3047 (a.
911 2985 935 3046 I,
949 2989 1005 3046 c,):
1025 2984 1132 3039 «homo
1143 2987 1216 3039 tene

124 3069 174 3122 tur
194 3066 228 3122 ad
249 3068 450 3124 restItutionem
473 3067 534 3134 ejus
557 3068 585 3121 in
608 3080 663 3132 uuo
687 3067 806 3134 aliquem
829 3066 1022 3122 damnificavil.
1044 3066 1096 3123 sed
1117 3067 1217 3132 aliquis

124 3149 320 3206 damnificetur
330 3150 479 3216 dupliciter
492 3169 499 3206 ε
514 3164 568 3206 uno
580 3150 662 3205 modo
672 3151 735 3216 cuia
748 3149 873 3205 autentur
883 3151 908 3205 ei
922 3149 995 3215 ouod
1008 3153 1069 3204 actu
1084 3149 1214 3213 habebat;

122 3235 154 3289 et
165 3234 221 3290 tale
232 3234 362 3290 damnum
380 3238 422 3290 est
439 3247 548 3301 semper
559 3233 759 3289 restituendum
771 3232 923 3289 secondum
936 3235 1215 3300 recompensationem
1229 3262 1232 3269 =

125 3315 279 3382 aequalis...
294 3317 353 3371 Alio
366 3315 448 3371 modo
464 3317 488 3371 si
506 3315 662 3371 damnitlcet
675 3315 803 3381 alicuem,
818 3315 992 3381 impediendo
1004 3329 1038 3371 ne
1049 3315 1216 3382 adipiscatur

122 3397 272 3463 quoderat
285 3397 312 3451 in
324 3398 367 3453 via
380 3396 510 3461 habendi:
526 3401 555 3453 et
566 3397 619 3453 tale
631 3397 761 3453 damnum
773 3411 829 3452 non
841 3401 950 3463 oportet
962 3411 1170 3464 recompensare
1181 3413 1215 3454 ex

124 3493 229 3546 aequm
249 3480 312 3545 cuia
331 3480 422 3535 minus
440 3484 482 3535 est
500 3479 604 3545 alicuid
621 3480 722 3536 habere
739 3481 850 3543 virtute,
864 3495 946 3547 onam
959 3480 1146 3546 habereactu3
1165 3483 1213 3548 oui

117 3563 219 3617 autem
230 3565 272 3617 est
285 3562 312 3616 in
324 3562 366 3616 via
378 3561 546 3628 adipiscendi
558 3561 670 3628 alicuid,
686 3562 766 3618 habet
779 3562 847 3618 illud
860 3562 951 3618 solum
968 3563 1119 3619 secundum
1131 3564 1214 3619 virtu·

120 3645 184 3699 tem
195 3642 238 3698 vel
251 3643 409 3709 potentiam.
418 3659 434 3688 u

159 3726 188 3780 2⁰
201 3725 278 3780 llunc
297 3725 426 3781 ultimum
444 3724 558 3781 modum
576 3725 767 3781 damnificandi
787 3728 816 3782 et
837 3725 999 3782 restituendi
1019 3726 1142 3782 Invenire
1161 3726 1213 3782 sibi

119 3809 237 3865 uidetur
248 3808 392 3874 angelicus
403 3809 431 3873 o)
445 3809 473 3864 in
485 3823 518 3866 oo
530 3810 578 3874 oui
596 3829 612 3859 r<
620 3809 732 3865 suffodit
744 3811 848 3865 semina
856 3825 872 3855 »
888 3809 944 3873 tto„
958 3809 991 3864 ad
1004 3813 1033 3875 l;
1046 3810 1110 3865 coll.
1123 3811 1158 3863 In
1168 3812 1188 3863 Ι
1191 3813 1217 3862 V

125 3893 211 3955 Sene„
224 3894 254 3948 I).
268 3893 320 3956 IIII,
334 3908 361 3960 o.
373 3897 394 3956 I.
407 3908 431 3949 a,
445 3894 470 3956 tt.
483 3895 500 3950 ‘l
511 3895 543 3950 ad
557 3895 591 3959 l);
611 3896 640 3950 it.
654 3893 680 3957 o)
694 3895 722 3949 in
738 3909 771 3950 eo
788 3895 837 3960 oui
854 3895 981 3951 «detinet
997 3894 1140 3960 pecuniam
1156 3909 1214 3950 ore·

118 3974 225 4031 ditonis
236 3975 308 4031 ultra
320 3978 468 4032 terminum
479 3977 650 4043 praellxum»
660 3977 702 4040 (tt.
710 3976 770 4039 cc).
779 3979 813 4032 nt
822 3977 934 4032 omnino
942 3976 1213 4032 animadvertendum

117 4062 168 4116 est
180 4061 209 4116 in
221 4061 269 4118 illo
281 4061 383 4126 duplici
403 4075 466 4116 casu
484 4075 539 4117 non
555 4062 598 4127 agi
610 4061 645 4118 de
657 4061 794 4118 solutione
805 4074 841 4117 ex
852 4064 994 4116 contractu
1007 4059 1049 4115 vel
1062 4062 1151 4125 pacto,
1164 4059 1213 4116 sed

121 4141 161 4197 de
183 4145 358 4200 restilutione
380 4143 416 4198 ob
439 4142 686 4200 damnilieationem
705 4143 748 4199 vet
772 4143 955 4198 retentionem
974 4141 1115 4208 injustam3
1140 4141 1214 4198 unde

119 4225 278 4282 certissime
290 4239 347 4281 nou
356 4225 448 4290 agitur
458 4224 494 4280 de
505 4225 586 4281 titulo
599 4226 669 4282 lucri
681 4226 822 4289 cessantis,
835 4223 924 4291 qualis
935 4226 1029 4291 postea
1046 4223 1211 4290 coneipitur.
