3242 4959
391 473 433 537 50
838 490 909 536 rans
930 492 1028 536 aaron.

391 656 533 729 Econtra,
543 655 698 734 sequentis
706 654 824 734 periodi
833 656 933 735 prima
940 666 1011 718 nota
1023 657 1245 721 caracteristica
1253 658 1373 722 uidetur
1382 658 1463 722 haec
1476 675 1488 721 ε

391 755 639 828 controversiam,
656 770 734 833 quae
750 753 841 817 modo
855 755 1068 829 Ncerlandiae,
1083 757 1247 837 Italiaeque
1261 757 1386 838 propria
1400 765 1487 831 crat,

390 868 445 934 per
467 853 643 916 universnm
664 852 819 931 vulgatam
841 868 908 916 esse
928 854 1033 918 orbem
1054 854 1249 918 catholicum.
1269 855 1491 934 «paulopost

392 966 454 1015 non
470 951 631 1015 defuerunt
645 958 793 1024 auctores,
810 951 864 1030 qui
880 951 1002 1015 easdem
1018 953 1180 1032 opiniones
1193 969 1270 1033 quas
1284 970 1377 1033 supra
1396 952 1488 1015 indi·

389 1051 527 1115 cavimus
550 1049 643 1111 variis
668 1050 838 1134 successive
864 1050 1052 1130 temporibus
1073 1060 1310 1132 propugnarent.
1335 1051 1395 1115 Sed
1415 1066 1487 1114 non

389 1149 552 1213 doluerunt
576 1147 667 1211 etiam
689 1148 740 1227 qui
763 1164 815 1211 eos
836 1148 1028 1212 confutarent
1044 1167 1050 1212 ε
1069 1166 1124 1213 nec
1144 1150 1302 1213 immutata
1316 1149 1374 1213 luit
1388 1149 1483 1212 scho-

390 1251 489 1314 larum
516 1249 733 1312 catholicarum
759 1248 949 1325 doctrina...;
978 1266 1087 1328 resque
1112 1250 1144 1312 in
1170 1266 1205 1313 eo
1231 1257 1311 1314 statu
1336 1266 1483 1330 perman-

390 1358 496 1412 serunt
516 1364 613 1428 usque
634 1348 672 1412 ad
695 1348 818 1410 initium
844 1348 1084 1411 Perturbationis
1105 1348 1281 1412 Gallicae.»
1305 1350 1350 1411 lta
1370 1348 1483 1411 merito

392 1450 540 1513 61111111
556 1450 602 1525 (1).

431 1546 570 1612 Secunda
581 1555 651 1609 nota
660 1545 1296 1624 caracteristicaponendaestintendentiis
1307 1545 1481 1609 enascentis

388 1656 462 1713 tnnc
485 1648 630 1713 scientiae
651 1648 867 1711 oeconomicae.
891 1648 918 1710 A
937 1648 971 1709 P.
990 1648 1154 1709 llarzmcnn
1171 1649 1206 1724 la)
1227 1646 1365 1727 sequenti
1386 1644 1481 1708 modo

389 1746 596 1811 describitur:
617 1744 721 1809 «Bald
738 1745 847 1809 darauf
861 1746 993 1808 nahmen
1008 1744 1058 1807 die
1072 1745 1208 1824 Angrid'e
1225 1744 1281 1807 aui
1298 1744 1348 1808 die
1368 1744 1481 1809 christ-

390 1845 470 1909 liche
482 1845 765 1924 Weltanscltaunng
776 1845 866 1908 einen
880 1843 1005 1907 solchen
1019 1842 1151 1923 Umiang
1161 1860 1212 1915 an,
1226 1844 1298 1907 dass
1308 1843 1359 1907 die
1370 1845 1480 1923 Frage,

389 1942 429 2006 ob
454 1942 697 2022 Zinsvergiutnng
718 1941 768 2005 1111
788 1941 1082 2021 Nutznngsleistnng
1102 1941 1143 2002 im
1167 1940 1482 2004 llarlehensverlehre

390 2041 510 2105 erlanbt
524 2041 580 2110 sei,
597 2057 674 2121 ganz
690 2042 722 2103 in
737 2040 796 2103 den
813 2040 1020 2120 Hintergrund
1043 2047 1113 2105 trat.
1135 2042 1170 2103 ln
1188 2040 1248 2103 den
1263 2040 1480 2121 Vordergrund

387 2140 516 2221 dringle
542 2140 608 2204 sich
632 2139 779 2203 rielmehr
802 2140 853 2202 die
874 2139 1062 2219 Fordernng,
1086 2139 1159 2202 dass
1182 2139 1233 2203 fuir
1257 2140 1307 2204 die
1330 2141 1480 2204 Entsolnii·

389 2238 506 2321 dignng
520 2239 573 2303 des
588 2238 828 2302 Gelddarleltens
841 2238 948 2301 ooiiste
959 2237 1096 2301 Freilteii
1110 2238 1275 2302 herrschen
1291 2239 1403 2302 miisse.
1420 2262 1434 2296 s

433 2340 530 2413 Quam
546 2338 701 2418 duplicem
716 2345 820 2400 notam
836 2336 1033 2400 ostendamus
1047 2336 1188 2399 breviter.

431 2519 463 2581 l⁰
484 2519 659 2598 Scipionem
675 2518 773 2581 liutici
789 2533 870 2580 anno
888 2517 969 2581 lilii
989 2518 1104 2580 Romae
1123 2516 1288 2580 secundam
1309 2516 1356 2579 sui
1378 2516 1480 2595 operis

389 2617 510 2682 dedisse
535 2618 712 2693 editionem,
737 2616 920 2679 sententiam
946 2631 1033 2678 suam
1059 2631 1121 2678 non
1143 2614 1334 2678 retractando
1352 2614 1405 2677 sed
1423 2629 1479 2693 po-

388 2718 450 2781 tius
480 2716 707 2790 confirmando,
735 2714 880 2778 diximus.
908 2716 953 2777 Ex
979 2714 1074 2776 altera
1099 2721 1199 2794 parte,
1229 2713 1380 2785 concina,
1408 2727 1479 2791 pro·

388 2816 525 2897 mulgata
555 2815 725 2895 Encyclica,
756 2815 796 2877 Io
820 2814 1016 2893 Encyclicam
1048 2812 1205 2876 Benedicti
1230 2812 1311 2874 XIV
1334 2809 1479 2873 adversos

390 2935 520 2979 osorem
549 2916 803 2979 commentorium
832 2915 1074 2993 conscripserat,
1105 2927 1197 2991 quem
1227 2909 1479 2973 commentarium

391 3017 482 3080 simul
499 3034 535 3081 ac
550 3034 627 3097 opus
646 3017 684 3080 de
702 3017 803 3080 Uetera
822 3020 999 3077 contractos
1021 3013 1099 3075 trini
1122 3010 1330 3073 demonstrata
1351 3009 1477 3082 Romae,

390 3133 472 3181 anno
489 3117 581 3192 1141,
599 3116 699 3179 denuo
714 3114 851 3178 ediderat
866 3116 913 3191 (a).
931 3114 988 3176 Hic
1007 3125 1181 3185 usurarum,
1198 3124 1275 3189 quas
1295 3107 1409 3185 ubique
1431 3107 1479 3169 in·

392 3217 494 3280 venire
509 3215 568 3280 sibi
584 3215 669 3277 visus
688 3222 745 3286 est,
768 3212 945 3292 profligator
968 3210 1136 3274 acerrimus
1157 3224 1219 3270 non
1241 3206 1396 3270 doctrinas
1416 3213 1482 3267 tan-

426 3412 461 3475 (l)
478 3409 515 3468 cl.
529 3412 571 3465 De
582 3410 768 3475 contractius,
780 3410 824 3472 ΠΙ,
839 3422 866 3474 p.
880 3406 927 3462 lli
940 3422 963 3463 s.

426 3495 461 3558 (i)
478 3496 508 3549 ln
519 3494 725 3556 Staatsleaet'eoo,
737 3491 771 3547 ad
783 3504 879 3547 vocem
895 3491 1021 3553 Weeoer,
1036 3491 1065 3554 V,
1078 3505 1102 3545 c.
1115 3489 1190 3545 1113.

427 3576 462 3640 13)
479 3577 517 3632 Ile
528 3577 605 3642 parte
616 3588 698 3642 quam
711 3575 739 3629 in
752 3575 801 3630 hae
813 3573 999 3629 controversia
1009 3573 1159 3639 assumpsit
1170 3573 1198 3626 P.
1209 3571 1335 3635 concina,
1348 3569 1383 3625 cl.
1397 3571 1479 3633 Forum

393 3662 480 3725 Scipio
499 3658 594 3723 Melici
610 3660 666 3710 ond
683 3660 732 3710 des
750 3657 897 3710 tircoticlte
912 3655 1079 3718 Zinsoeriot,
1093 3657 1112 3709 t.
1125 3670 1159 3718 c..
1173 3669 1200 3721 p.
1213 3652 1303 3716 leem
1315 3666 1371 3707 von
1382 3652 1482 3707 Voonn·

394 3756 474 3808 sano,
493 3757 535 3807 op.
555 3756 589 3805 c..
608 3755 636 3807 p.
655 3740 740 3797 6610.
758 3741 959 3806 -antequam
977 3738 1023 3793 illa
1040 3752 1123 3803 opera
1140 3738 1243 3793 Rornae
1259 3734 1354 3799 edidit,
1374 3734 1482 3800 scripsit

393 3824 536 3892 edidiloue
558 3822 669 3889 Neapoli
692 3835 764 3877 anno
786 3819 854 3876 1716
872 3838 879 3875 :
898 3820 1068 3884 Etposizeene
1090 3821 1134 3873 del
1157 3821 1253 3885 dopmn
1275 3817 1323 3870 cite
1344 3818 1373 3869 to
1395 3817 1483 3869 chiesa

395 3908 522 3960 Romane
538 3919 655 3970 propone
666 3919 684 3958 a
695 3906 817 3957 credensi
831 3905 939 3955 interno
955 3902 1058 3954 l’usura
1073 3902 1143 3954 cello
1158 3898 1341 3963 consulumue
1355 3899 1400 3952 del
1415 3897 1482 3950 tmro

395 3990 529 4042 iotiloloto
557 3988 620 4042 deli'
649 3988 762 4053 impiepo
790 3987 835 4039 det
860 3988 974 4038 donaro.
995 4008 1029 4019 -
1050 3984 1126 4038 Fuuu
1154 3983 1225 4045 (Zur
1254 3980 1410 4034 Gesclta'eltle
1437 3981 1483 4031 des

402 4072 635 4136 Wueterstrettes,
656 4085 684 4137 p.
706 4068 747 4131 ll)
767 4071 853 4133 notat,
875 4071 938 4135 post
959 4068 1067 4130 ilurter,
1092 4080 1109 4120 a
1130 4067 1227 4121 senatu
1249 4063 1396 4118 venetiano
1419 4075 1484 4116 mox

396 4152 537 4209 silentium
555 4153 667 4220 utrique
685 4151 756 4219 parti
773 4164 835 4207 esse
853 4150 1012 4217 impositum
1025 4167 1032 4204 ε
1046 4160 1141 4204 revera
1155 4146 1191 4201 ab
1208 4143 1357 4201 annolllil
1369 4143 1484 4200 initalia

397 4235 480 4291 silent
490 4234 671 4302 disputantes.
