3242 4959
430 457 491 523 {60
666 482 701 523 :rr
801 477 1144 524 consternarentur.
1253 489 1256 496 ·

430 639 539 720 gendo,
556 639 750 704 conterantur
765 657 843 721 quae
857 643 947 706 citato
963 643 1143 724 Philosophi
1159 644 1224 708 loco
1243 651 1379 708 annotat.
1404 667 1419 702 α
1438 645 1520 710 Dicit

430 754 502 818 ergo
516 739 617 818 primo
632 739 713 819 quod
728 741 840 807 adhoc
856 741 937 821 quod
952 757 1043 822 opera
1058 742 1247 807 diversorum
1262 743 1414 806 artificum
1429 743 1522 807 adae-

430 845 571 916 quentur,
598 845 629 902 et
653 839 698 901 sic
722 839 901 904 commutari
928 840 1058 920 possint,
1082 848 1209 919 oportet,
1238 839 1318 919 quod
1338 840 1444 904 omniu
1465 841 1518 905 illa

430 950 561 1014 quorum
585 943 685 1015 potest
710 953 776 1001 esse
801 938 1009 1012 commutatio,
1038 939 1100 1001 sint
1126 938 1300 1018 aliqualiter
1323 937 1523 1003 adinvicem

430 1033 663 1114 comparabilia,
677 1043 709 1098 ut
723 1035 841 1099 scilicet
855 1036 969 1100 sciatur
984 1035 1059 1115 quid
1074 1037 1265 1116 eorumplus
1276 1037 1384 1110 valeat,
1398 1045 1429 1100 et
1443 1038 1517 1118 quid

429 1133 544 1203 minus.
562 1135 600 1207 Et
614 1135 653 1198 ad
667 1135 725 1198 hoc
739 1135 863 1199 inventa
881 1143 927 1198 est
946 1145 1067 1200 moneta
1088 1136 1168 1200 idest
1185 1137 1340 1213 denarius,
1355 1153 1410 1218 per
1425 1153 1521 1218 quam

354 1265 357 1271 =
430 1242 646 1306 mensurantur
659 1235 756 1315 pretia
772 1236 880 1299 talium
895 1252 1008 1300 rerum.
1026 1239 1064 1300 Et
1078 1237 1123 1300 sic
1141 1237 1284 1300 denarius
1306 1238 1340 1301 dt
1358 1238 1522 1318 quoddam

430 1333 578 1409 medium,
599 1335 632 1398 in
653 1342 802 1414 quantam
823 1335 940 1399 scilicet
961 1337 1064 1400 omnia
1088 1348 1254 1413 mensurat,
1277 1345 1308 1400 et
1327 1339 1523 1418 superabun-

431 1433 566 1499 dantiam
600 1442 632 1498 et
665 1433 834 1509 deiectum,
872 1435 1085 1515 inquantum
1121 1453 1182 1499 una
1223 1453 1272 1500 res
1308 1438 1522 1517 superexcedit

430 1533 551 1599 alian»
573 1535 620 1611 (r).
642 1533 681 1597 Et
699 1533 824 1613 quidem
846 1533 1106 1614 comparationem
1127 1551 1229 1598 rerum
1251 1536 1442 1600 adinvicem
1463 1553 1523 1618 per

429 1631 566 1696 medium
593 1639 732 1697 monetae
756 1631 887 1694 adstruit
912 1630 1278 1712 saepissime-Angelicus
1292 1650 1309 1696 11ε
1324 1635 1414 1713 quod
1436 1634 1520 1698 idem

430 1729 579 1800 concinne
605 1731 774 1810 exprimere
799 1731 877 1794 solet
902 1748 910 1793 ε
936 1732 1122 1795 «numisma
1147 1732 1250 1795 omnia
1271 1731 1344 1796 iacit
1364 1749 1517 1797 commen·

431 1837 534 1893 surata
555 1830 735 1908 inquantum
758 1829 861 1892 omnia
882 1835 1104 1892 mensurantur
1124 1830 1308 1894 numismate
1322 1853 1336 1888 »
1352 1833 1402 1908 (a),
1420 1834 1523 1897 nnlla-·

431 1934 520 1991 mnus
545 1935 645 1990 autem
666 1927 699 1989 in
722 1934 870 2007 quantum
896 1929 1000 1992 ornnia
1024 1937 1310 1992 commensurantur·
1325 1930 1515 1995 numismati.

434 2026 621 2090 «Numisma
636 2026 787 2105 adaequat
800 2042 849 2088 res
864 2027 1108 2103 commutabiles,
1123 2028 1202 2091 sicut
1212 2027 1361 2108 quaedam
1374 2045 1518 2094 mensura

431 2123 546 2202 [aciem
561 2141 609 2186 res
628 2129 899 2188 commemoratos.
923 2124 1097 2188 Manifestat
1118 2125 1343 2206 (Philosophus)
1364 2128 1521 2207 quomodo

432 2221 600 2286 secundum
624 2222 882 2287 mensurationem
908 2223 1102 2287 denariorum
1128 2224 1170 2286 sit
1193 2225 1399 2288 commutatio·
1416 2243 1524 2289 renam

432 2335 510 2400 quac
524 2319 659 2382 denariis
674 2317 956 2384 commensurantur
969 2343 983 2376 ι
997 2322 1045 2397 (3).
1059 2321 1210 2401 Equidem
1222 2338 1284 2385 non
1298 2322 1524 2403 intelligeretur

432 2417 584 2498 quomodo
596 2418 628 2480 S.
643 2418 775 2481 Thomas
789 2434 827 2483 ex
842 2418 980 2498 professo
995 2435 1096 2482 rerum
1112 2429 1141 2482 et
1156 2420 1350 2483 denariorum
1364 2419 1518 2486 commen·

432 2517 1520 2601 serationemexcluderet,actantacuracommensurationemipsarum

433 2631 535 2679 rerum
551 2630 605 2695 per
620 2613 762 2677 denarios
776 2616 953 2686 inculcaret,
971 2616 1031 2680 nisi
1046 2625 1171 2697 poneret
1181 2633 1235 2698 per
1246 2618 1408 2698 pecuniam
1420 2635 1523 2682 rerum

434 2715 472 2781 ad
494 2714 624 2778 invicem
645 2715 780 2778 valorem
801 2717 983 2796 conparari,
1007 2733 1069 2780 non
1091 2725 1192 2780 autem
1215 2717 1327 2781 directe
1348 2717 1387 2780 ad
1410 2718 1523 2783 intrin-

434 2828 538 2877 secum
553 2813 686 2876 valorem
702 2815 859 2894 pecuniae.
1377 2847 1380 2852 ¹

471 2912 637 2990 Hucusque
666 2912 805 2992 Angelici
831 2913 982 2987 doctrina,
1010 2913 1037 2975 si
1063 2922 1208 2976 accurate
1227 2912 1402 2993 inspicitur,
1432 2915 1523 2993 plene

433 3025 503 3073 cum
525 3009 646 3073 notione
668 3011 827 3091 pecuniae,
845 3027 938 3091 quarn
960 3027 1052 3091 supra
1077 3012 1251 3087 statuimus,
1274 3020 1305 3074 et
1325 3028 1343 3074 a
1364 3013 1524 3076 modernis

433 3111 540 3174 multis
554 3108 738 3182 audivimus,
752 3113 903 3192 congruit,
916 3113 1056 3192 quamvis
1070 3113 1130 3177 alio
1146 3112 1309 3194 etquidem
1322 3113 1524 3194 profundiore

434 3223 573 3272 sermone
588 3208 768 3288 proferatur.
787 3211 851 3273 lloc
865 3221 966 3274 autem
982 3212 1093 3290 posito,
1111 3211 1207 3292 logice
1226 3212 1350 3276 deducit
1370 3223 1522 3278 assertum

435 3305 515 3385 quod
531 3307 665 3372 theoriae
687 3309 867 3372 scolasticae
886 3309 923 3372 de
938 3325 1030 3373 usura
1046 3318 1091 3374 est
1106 3310 1304 3375 fundamento
1315 3324 1329 3375 ¹:
1350 3314 1524 3395 «proprius

435 3410 464 3466 et
484 3404 664 3486 principalis
686 3407 833 3486 pecuniae
855 3423 929 3470 usus
950 3417 996 3470 est
1017 3409 1115 3490 ipsius
1141 3411 1345 3490 consumptio,
1371 3411 1437 3476 sive
1461 3411 1521 3475 dis

434 3503 541 3567 tractio
551 3504 717 3568 secundum
728 3505 810 3584 quod
821 3505 854 3567 in
864 3507 1119 3572 commutationes
1130 3508 1333 3589 expenditur»
1352 3511 1399 3588 (4).
1415 3510 1524 3590 topice

466 3706 501 3769 (l)
517 3705 554 3762 Cf.
568 3706 604 3759 In
614 3707 771 3761 Ethicorum
784 3709 813 3763 L.
826 3708 857 3774 V,
871 3708 933 3766 leci.
946 3707 973 3774 9,
986 3709 1046 3766 init.
1153 3759 1155 3764 .

466 3781 503 3846 (i)
517 3780 556 3837 ci.
568 3782 616 3846 ih,
629 3781 662 3838 ad
675 3781 724 3838 fin.

467 3855 502 3919 (3)
518 3854 556 3911 Gi.
566 3856 613 3920 ila,
622 3856 656 3911 ad
668 3857 716 3912 tin.
724 3884 758 3894 -
766 3858 847 3914 iuxta
858 3860 1018 3915 contextum
1029 3861 1104 3926 patet
1114 3858 1211 3916 ultima
1223 3858 1305 3916 verba
1317 3859 1518 3927 interpretanda

434 3943 513 3986 esse:
523 3930 701 3985 commutatio
713 3943 807 3988 rerum
819 3945 890 3998 quae
901 3935 935 3986 od
947 3935 1059 3988 tumeam
1069 3936 1326 3990 commensurantur
1338 3948 1390 4001 per
1400 3934 1522 4000 denaria,

436 4008 463 4060 et
475 4017 531 4059 non
543 4023 550 4058 :
563 4017 634 4070 quae
645 4019 709 4060 cum
720 4005 841 4062 denariis
853 4009 885 4063 ut
896 4007 979 4064 rebus
990 4014 1257 4064 commensurantes.

468 4078 502 4141 (ll
518 4077 556 4134 Gi.
579 4079 607 4133 i·
623 4079 672 4144 hae,
694 4094 721 4146 q.
738 4080 869 4143 LXXVlll,
887 4095 911 4136 a.
929 4083 956 4147 l,
973 4096 1009 4145 c.;
1028 4083 1058 4138 it.
1076 4083 1122 4146 ch..
1139 4083 1172 4138 ad
1189 4082 1219 4147 6;
1242 4083 1336 4142 Ouodl.
1355 4084 1413 4148 ΙΙΙ,
1429 4097 1453 4138 a.
1471 4082 1516 4148 19;

436 4152 478 4205 De
489 4152 574 4217 Moto,
587 4166 615 4218 q.
628 4153 693 4218 lilll,
706 4167 731 4208 a.
743 4153 770 4218 l,
782 4168 819 4221 c.;
836 4156 871 4211 tir.
884 4154 918 4211 ad
929 4155 954 4220 5,
968 4158 997 4214 et
1007 4156 1041 4212 ad
1053 4156 1099 4221 l5;
1115 4159 1144 4212 el
1155 4156 1229 4212 alihi.
1242 4183 1275 4192 -
1286 4155 1324 4212 ct.
1338 4157 1447 4212 Decreta¹
1457 4157 1486 4212 P.
1497 4157 1521 4220 1,

436 4225 467 4282 ll.
481 4225 633 4292 lllllllvlll,
646 4241 671 4283 c.
684 4227 726 4292 ll,
740 4227 790 4291 il.
1305 4289 1307 4292 ,
