3242 4959
416 427 476 501 126
785 448 858 494 raas
873 449 993 494 turum.
1011 449 1090 496 sacr.
1108 451 1129 494 r.

453 609 620 674 censemus
633 621 735 674 autem
751 611 918 674 essentiam
935 621 1087 685 monetae,
1104 628 1166 692 qua
1184 621 1332 690 molletae,
1350 630 1512 696 reponen-

411 707 483 772 dam
503 724 570 770 esse
592 724 653 772 uon
676 709 709 771 in
731 708 832 772 valore
851 725 943 787 quem
966 709 998 772 in
1021 726 1053 772 se
1074 710 1176 787 babet,
1193 712 1247 776 sed
1267 713 1298 774 iu
1318 712 1515 778 formalitate

410 823 471 886 qua
492 816 539 871 est
560 809 683 888 signum
708 808 821 872 valoris
841 809 1144 888 repraesentativum,
1161 827 1227 886 seu,
1244 810 1326 889 quod
1343 811 1424 876 idem
1441 821 1506 888 est,

409 908 546 987 eiusdem
561 925 705 972 mensura
720 910 765 984 (tl.
783 909 921 972 Monetae
941 910 1036 984 enirn,
1054 926 1114 990 qua
1129 910 1212 984 talis,
1230 912 1308 975 ratio
1323 911 1507 978 66166666-

409 1006 490 1070 sistit
505 1007 538 1069 in
552 1007 611 1070 boc
626 1006 707 1085 quod
723 1007 860 1082 inservit,
877 1023 937 1087 qua
953 1007 1100 1084 medium,
1118 1007 1150 1071 iu
1166 1024 1268 1072 rerum
1286 1025 1338 1074 seu
1362 1010 1510 1074 valorum

408 1107 699 1171 commutationibus
722 1100 890 1184 iaciendis;
919 1108 1001 1186 atqui
1032 1108 1070 1172 ad
1099 1109 1158 1172 hoe
1186 1126 1247 1173 uon
1277 1111 1443 1190 requiritur
1467 1121 1507 1176 ut

408 1202 519 1268 habeat
533 1206 667 1268 valorem
688 1206 901 1280 intrinsecum,
920 1205 972 1268 sed
993 1206 1105 1270 suflicit
1127 1216 1159 1269 ut
1175 1215 1388 1287 repraesentet,
1407 1209 1509 1273 modo

408 1305 528 1368 etiamsi
549 1305 785 1378 conventionali,
803 1320 909 1368 verum
931 1321 965 1368 ac
987 1304 1100 1368 realem
1122 1307 1255 1370 valorem
1278 1312 1369 1370 entra
1388 1324 1421 1370 se
1443 1326 1502 1388 po·

408 1402 500 1473 situm
528 1420 536 1464 :
564 1403 718 1482 siquidem
744 1411 831 1474 tunc,
861 1402 913 1481 qui
941 1403 1064 1482 siguum
1093 1403 1244 1483 possidet,
1272 1405 1509 1483 aequivalenter

407 1502 544 1583 possidet
571 1503 706 1566 valorem
735 1510 992 1582 repraesentatum
1023 1503 1069 1578 (a).
1098 1503 1135 1566 m
1164 1503 1206 1566 ita
1235 1503 1316 1566 tituli
1347 1505 1504 1570 fiduciarii

439 1739 474 1801 (il
492 1738 730 1800 bavis-Kaumrn,
743 1737 858 1802 praecise
873 1751 907 1794 ex
920 1737 1040 1804 eoquod
1056 1739 1170 1804 pecunia
1186 1743 1229 1796 est
1245 1753 1374 1795 mensura
1384 1739 1503 1806 valoris,

405 1811 548 1868 concludit
574 1825 633 1868 earn
662 1811 845 1867 essentialiter
874 1813 1053 1868 intrinsecum
1080 1813 1201 1868 valorem
1226 1817 1336 1878 portare
1362 1813 1465 1870 debere
1490 1834 1499 1870 ε

406 1905 421 1934 «
434 1885 525 1942 ieruer
545 1886 581 1940 ist
601 1885 647 1941 die
666 1885 782 1941 Theorie
799 1901 834 1941 zu
857 1885 1020 1950 vervverieu‚
1042 1886 1104 1942 dass
1122 1887 1171 1942 das
1194 1887 1259 1944 Geld
1281 1888 1380 1943 kelnen
1398 1888 1499 1944 inuern

405 1961 501 2016 Wertb
520 1960 597 2015 habe.
611 1960 672 2015 Wie
689 1961 791 2016 bonate
808 1975 838 2016 es
857 1961 897 2016 als
914 1961 1115 2017 Werthmesser
1132 1961 1241 2026 dienen,
1260 1975 1344 2017 weun
1362 1976 1392 2018 es
1410 1962 1499 2020 selbst

404 2035 539 2091 wertblos
555 2036 651 2090 wilre?
662 2050 678 2079 »
690 2038 742 2098 (op.
756 2049 790 2098 6.,
804 2049 831 2099 p.
846 2035 913 2090 bssb'.
925 2062 955 2070 -
966 2035 1017 2091 Sed
1030 2049 1157 2092 mensura
1169 2039 1211 2092 est
1227 2036 1327 2091 valoris
1345 2039 1374 2092 et
1392 2037 1419 2092 id
1434 2051 1504 2094 esse

404 2113 505 2176 potest,
517 2110 582 2176 quia
594 2112 779 2175 repraesentat
790 2109 854 2165 talis
865 2112 974 2164 monela
990 2113 1096 2167 tanturn
1113 2111 1234 2176 praecise
1245 2109 1374 2174 valorem.
1388 2111 1499 2168 etiamsi

405 2185 450 2240 bic
472 2184 548 2240 valor
570 2197 634 2240 vere
654 2186 874 2249 repraesentatus
894 2190 975 2238 extro
998 2184 1141 2250 pecuniam
1163 2183 1331 2239 materialem
1354 2183 1497 2241 existeret.

403 2260 444 2313 Au
454 2261 561 2314 moneta
572 2258 703 2319 coriaoea,
715 2257 744 2311 in
755 2257 853 2312 Russia
865 2260 928 2312 ante
939 2260 1062 2324 tempora
1074 2257 1146 2313 Petri
1158 2257 1245 2323 llagni
1255 2257 1359 2321 vigens,
1369 2257 1501 2314 valorum
1610 2325 1611 2336 ἶ

403 2346 459 2387 666
471 2330 635 2386 inserviebat
646 2335 809 2386 mensurae?
829 2329 856 2384 Si
873 2333 964 2385 autern
983 2343 1110 2385 mensura
1127 2329 1229 2385 valoris
1246 2330 1359 2396 ponitur
1374 2335 1496 2398 moneta,

403 2406 466 2463 ideo
482 2408 589 2462 tantum
605 2405 670 2470 quia
688 2406 716 2458 in
734 2418 764 2460 se
780 2404 902 2460 valorem
919 2405 1022 2460 metalli
1039 2404 1152 2469 pretiosi
1170 2408 1261 2470 portat
1278 2405 1500 2472 aequivalentem

402 2482 479 2536 tanto
490 2478 575 2534 valori
585 2479 701 2534 aliarum
711 2491 814 2540 rerum,
823 2491 878 2532 uon
889 2479 1055 2545 perspicitur
1064 2477 1203 2544 quomodo
1215 2479 1344 2535 omnibus
1353 2479 1503 2538 hodiernis

402 2552 546 2618 speciebus
554 2555 688 2613 monetae,
699 2552 780 2606 etiarn
793 2551 946 2616 metallicis,
960 2551 1131 2618 applicabilis
1142 2553 1186 2607 sit.
1198 2554 1321 2618 insuper,
1333 2554 1369 2608 ila
1379 2555 1499 2619 pecunia
1609 2575 1610 2600 v

402 2626 601 2689 consideratur,
614 2629 708 2680 nostra
719 2627 863 2687 sententia,
878 2631 908 2682 ut
926 2642 1014 2689 utera,
1035 2633 1065 2682 ut
1084 2642 1128 2680 res
1145 2626 1223 2682 alteri
1241 2628 1424 2693 aequivalens.
1438 2642 1498 2684 nnn

401 2702 553 2758 formaliter
566 2707 596 2756 ut
608 2701 732 2766 pecunia.
745 2701 877 2767 Equidem
890 2702 1019 2758 omnibus
1031 2703 1156 2758 securius
1174 2706 1216 2758 est
1235 2706 1265 2758 ut
1283 2703 1360 2759 valor
1377 2704 1430 2770 ipsi
1450 2719 1501 2770 pe

400 2777 498 2833 cuniae
509 2775 582 2840 insit,
592 2774 825 2840 quemadmodum
838 2775 920 2832 bodie
932 2780 1057 2832 monetae
1069 2791 1176 2842 aureae,
1195 2778 1232 2833 ita
1248 2781 1279 2833 ut
1296 2791 1345 2843 per
1361 2792 1392 2834 se
1407 2779 1499 2844 ipsam
1608 2845 1609 2848 Ἴ

400 2856 427 2908 61
441 2853 470 2906 16
481 2851 568 2916 seipsa
582 2863 709 2904 mensura
723 2850 758 2905 sit
769 2853 941 2906 caeterorum
953 2851 1092 2914 valorum;
1112 2850 1168 2914 sed,
1187 2851 1210 2905 si
1223 2852 1284 2906 talis
1296 2851 1425 2908 conditur
1436 2868 1497 2909 mo-

400 2931 472 2990 neta,
492 2926 604 2980 omuino
623 2924 774 2990 requiritur
791 2928 824 2980 ut
834 2926 910 2981 valor
927 2925 972 2980 bic
984 2926 1109 2980 internus
1124 2938 1180 2980 non
1195 2929 1398 2992 corrumpatur,
1416 2931 1444 2983 61
1460 2932 1497 2985 61

398 3002 476 3057 valor
486 3000 523 3055 ob
535 2999 660 3064 adiuncta
675 3000 829 3055 extrinseca
846 3003 978 3057 mutatus.
992 2999 1162 3055 restituatur.
1176 3000 1213 3054 be
1225 2999 1337 3055 notione
1349 3001 1498 3072 pecuniae,
1607 3081 1608 3084 Ἴ

399 3076 503 3140 optima
515 3073 596 3128 babet
611 3074 640 3128 P.
654 3073 743 3127 Wmss
763 3074 902 3140 (Apotopic
920 3078 956 3127 do
972 3075 1180 3133 christianismo.
1197 3075 1228 3136 ll,
1249 3088 1276 3138 p.
1290 3073 1416 3136 usello).
1432 3075 1495 3141 sed,

400 3152 431 3204 ut
444 3162 507 3203 mox
519 3149 685 3206 notabimus.
698 3148 890 3203 conclusiones
901 3148 1019 3203 adstruit
1032 3160 1087 3201 uon
1099 3146 1294 3211 admittendas;
1316 3148 1345 3203 it.
1359 3147 1387 3202 E.
1401 3163 1435 3203 nn
1449 3149 1494 3204 Gr-

400 3236 484 3284 6166.
492 3223 615 3275 Η16161ν6
623 3225 656 3274 dc
665 3223 827 3275 t'Ecouomie
835 3224 942 3282 sociate,
954 3237 980 3288 p.
988 3221 1075 3277 dil-ld.
1086 3221 1134 3276 llic
1142 3224 1247 3279 auctor.
1257 3221 1347 3285 quoad
1358 3222 1495 3289 principia
1606 3283 1607 3304 ,

399 3296 541 3352 scolastica
553 3295 632 3350 lledii
644 3296 702 3350 aevi
714 3309 784 3361 quae
797 3296 922 3361 inquirit.
936 3296 1031 3352 eadem
1040 3298 1160 3350 statuere
1169 3291 1321 3362 videturlp.
1331 3296 1364 3351 11
1376 3296 1410 3358 s.)
1421 3310 1496 3364 quae

399 3371 428 3426 P.
441 3370 531 3426 Weiss
542 3369 576 3424 ad
587 3373 689 3425 statum
701 3383 793 3426 rerum
807 3369 970 3426 hodiernum
983 3370 1110 3436 applicat.

432 3453 467 3517 (1)
484 3453 512 3507 P.
526 3453 699 3506 mnuaaroan
711 3451 741 3514 (t.
755 3453 791 3514 r.)
804 3467 838 3508 ex
852 3452 901 3508 bac
919 3453 1023 3507 ratione
1042 3451 1163 3518 praecise
1180 3454 1260 3517 negat
1276 3454 1411 3507 assertum
1427 3466 1494 3507 nos·
1605 3493 1606 3502 ,

340 3541 346 3547 ·
399 3531 483 3589 trum,
505 3525 673 3582 concludens
693 3545 699 3580 :
719 3544 735 3574 «
752 3528 786 3581 la
807 3528 934 3583 monuaie
954 3540 989 3582 66
1009 3525 1166 3592 representa
1183 3526 1255 3581 donc
1274 3540 1322 3592 pas
1340 3526 1380 3582 les
1397 3531 1495 3584 autres

398 3601 520 3660 valeurs:
534 3600 587 3657 elle
605 3603 647 3655 est
663 3600 850 3664 t’e'quivotenre
868 3600 917 3657 des
934 3605 1027 3656 autres
1045 3600 1162 3655 valeurs.
1174 3614 1189 3644 v
1201 3599 1297 3654 -Sed
1309 3599 1431 3664 neganda
1447 3603 1492 3656 est

398 3675 556 3741 disiunctio.
576 3675 629 3729 nisi
648 3674 781 3740 probetur
798 3676 912 3743 requiri,
927 3678 957 3732 ut
974 3680 1081 3730 moneta
1099 3673 1266 3741 aequivaleat
1283 3674 1399 3729 caeteris
1410 3673 1490 3744 valo

398 3751 484 3814 ribus,
498 3750 618 3804 valorem
629 3762 712 3815 quem
730 3756 758 3803 ut
776 3766 856 3804 mera
871 3754 958 3816 seipso
976 3751 1066 3815 portat
1079 3768 1086 3803 z
1100 3747 1174 3814 quod
1193 3761 1258 3803 saue
1275 3761 1330 3803 nou
1346 3749 1490 3814 probatur.

398 3825 496 3890 Utique
508 3822 657 3878 hodiedum
669 3822 703 3878 de
715 3821 796 3888 lacto,
809 3825 906 3880 saltem
918 3837 1000 3880 aurea
1012 3826 1129 3885 moneta,
1141 3823 1177 3877 ita
1186 3821 1315 3878 conditur
1327 3825 1358 3878 ut
1368 3822 1489 3879 valorem

397 3898 611 3964 aequivalentem
630 3897 659 3951 in
677 3897 765 3962 seipsa
783 3899 922 3955 contineat
941 3918 947 3954 :
967 3903 995 3954 et
1013 3898 1066 3953 boo
1083 3897 1205 3964 quidem,
1218 3896 1252 3951 ad
1265 3897 1367 3953 multos
1383 3897 1488 3953 abusus

397 3972 532 4034 vitandos,
545 3972 682 4037 optimum
693 3974 748 4036 est;
763 3973 875 4038 insuper
886 3977 911 4027 st·
923 3973 959 4028 ita
971 3972 1006 4027 de
1018 3970 1088 4027 lacto
1104 3969 1243 4032 conditur,
1263 3971 1392 4027 oriuntur
1409 3983 1491 4026 verae

396 4045 627 4110 gravissimaeque
649 4044 831 4110 obligationes
853 4050 913 4104 tum
933 4046 1016 4102 statui
1039 4049 1099 4101 turn
1120 4044 1241 4104 civibus.
1267 4044 1346 4100 illum
1367 4045 1487 4102 valorem

398 4120 577 4177 intrinsecum
605 4133 661 4176 uon
687 4120 869 4188 adulterandi,
895 4137 948 4176 nott
977 4135 1039 4175 vero
1069 4123 1195 4174 oriuntur
1223 4121 1360 4174 essentiali
1382 4123 1489 4176 antonne

397 4208 533 4258 peronnae.
