3242 4959
346 447 410 493 car.
428 445 460 491 11.
478 439 1000 492 111111111111111111101111111.
1158 421 1218 487 lat

119 611 377 692 praesumptione
391 609 510 674 fraudis
524 608 685 674 fundatum
701 625 711 672 ε
728 624 805 688 quae
828 624 901 672 sane
924 607 1131 690 praesumptio
1152 607 1219 688 ple«

115 726 258 792 rumque
273 727 342 774 vera
354 719 440 781 erat,
457 724 538 783 oum,
555 716 668 772 statuto
688 707 869 788 praesertim
884 707 917 770 in
936 707 1107 772 mobilibus·
1124 722 1219 770 censu

123 810 258 873 vitalitio
274 810 320 872 rel
336 816 493 890 perpetuo,
511 808 572 872 lata
593 807 762 887 aperiretur
781 806 832 870 via
854 806 983 885 injuriae
1004 817 1033 869 et
1054 805 1216 870 exactioni.

124 908 199 972 ideo
228 908 329 984 multi,
355 922 484 987 magnae
513 905 715 981 auctoritatis,
742 913 775 968 ut
804 904 927 968 Gabriel
958 904 1034 979 Biel‚
1063 903 1219 968 conradus

118 1005 376 1081 Summcnhardt,
394 1007 477 1080 Soto,
493 1005 627 1080 hledina,
649 1004 775 1084 aliique,
799 1005 912 1068 diserte
934 1003 1110 1068 asserebant
1132 1002 1217 1066 nullo

124 1104 328 1170 fundamento
343 1105 474 1168 naturali
496 1120 607 1168 census
628 1121 665 1167 11
687 1103 778 1168 dictis
799 1103 968 1168 mobilibus
988 1103 1021 1164 in
1042 1116 1218 1181 111111111-Ι

124 1205 273 1269 nentihus
301 1203 457 1284 prohiberi
482 1205 531 1282 111;
556 1211 587 1267 11
615 1203 815 1267 covarruvias
841 1203 953 1283 allegat
977 1201 1110 1266 «locum
1136 1200 1219 1284 apud

114 1304 418 1383 jurisconsultum...
445 1319 506 1382 ouo
532 1303 565 1365 in
592 1302 657 1365 loco
686 1312 802 1364 veteres
832 1302 918 1364 numi
948 1319 984 1364 11
1014 1316 1088 1364 auro
1114 1299 1218 1364 forsan

124 1403 295 1483 purissimo
309 1401 457 1481 percussi,
475 1409 508 1463 ut
520 1417 671 1481 gemmae,
691 1409 721 1464 et
740 1401 892 1479 pretiosae
911 1415 960 1462 res
982 1400 1024 1462 ita
1044 1406 1214 1475 servantur,

116 1511 156 1566 et
171 1502 395 1577 cusmdiuntur,
412 1518 447 1564 ac
466 1501 665 1564 aestimantur
685 1500 767 1580 quod
786 1499 981 1564 ususfructus
1003 1508 1102 1580 potest
1124 1500 1157 1563 in
1180 1501 1219 1564 iis

115 1600 312 1665 «constitui...
331 1623 345 1658 r
363 1602 411 1677 (s).

170 1813 269 1888 Unde,
285 1820 319 1876 ut
333 1827 382 1875 res
397 1812 500 1891 aliquo
515 1811 605 1875 modo
621 1811 816 1892 productivee
837 1829 855 1874 a
876 1812 1047 1876 scolasticis
1067 1811 1217 1876 habentur
1252 1864 1253 1870 ,

127 1919 215 1975 torro
229 1921 259 1975 et
273 1927 483 1991 quaecumque
497 1909 679 1986 immobilia,
694 1911 763 1989 jura
778 1912 811 1973 11
826 1910 890 1974 illis
906 1910 1033 1974 fundata
1050 1927 1127 1991 quae
1150 1918 1220 1974 sunt

115 2011 220 2092 -prtooi
233 2009 415 2083 immobilia,
432 2017 462 2072 et
477 2010 599 2073 taudem
614 2011 739 2074 mobilia
760 2010 795 2072 io
815 2026 859 2072 se·
864 2011 1091 2091 permanentia.
1109 2011 1219 2092 Magne

127 2119 244 2183 tamen,
258 2117 292 2170 ut
302 2108 365 2187 jam
381 2108 549 2177 innuimus.
564 2108 697 2173 notanda
709 2109 792 2171 venit
805 2108 977 2171 differentia
992 2108 1071 2170 inter
1087 2108 1216 2183 lucrum,

127 2209 222 2288 quale
236 2224 255 2270 a
269 2215 349 2270 terra
364 2216 394 2270 11
412 2207 596 2286 quibusdam
612 2208 791 2276 mobilibus.
808 2216 842 2270 ut
857 2206 1053 2281 animalibus
1071 2207 1218 2280 nascitur,

128 2325 165 2371 ac
181 2308 300 2370 lucrum
316 2307 405 2386 quale
420 2307 548 2370 caeteris
562 2308 652 2371 bonis
667 2309 845 2389 producitur
861 2325 868 2371 :
887 2308 963 2371 illud
979 2308 1061 2372 enim
1080 2309 1167 2388 prius
1181 2309 1220 2373 ad
1321 2316 1324 2325 '

126 2406 256 2470 modum
275 2404 399 2485 fructos
423 2406 491 2485 ipsa
517 2407 706 2486 germinatur
729 2415 849 2482 nature,
873 2406 1014 2487 adeoque
1031 2409 1120 2487 plene
1142 2407 1219 2470 illud

127 2505 299 2569 auctarium
314 2504 417 2578 refert,
434 2505 515 2584 quod
531 2507 619 2570 multi
635 2505 775 2569 hodierni
791 2523 828 2570 ex
843 2505 978 2586 capitali.
995 2507 1079 2585 Juxta
1091 2522 1220 2587 concep·

128 2613 194 2667 tum
209 2603 401 2677 modernum,
418 2604 592 2682 formaliter
606 2605 692 2685 gigni
707 2605 909 2681 contendunt;
931 2605 987 2668 hor
1006 2597 1134 2668 alterum
1151 2621 1219 2669 vero

116 2703 252 2766 exhibet
282 2702 414 2782 pretium
440 2721 515 2764 mos
540 2704 573 2765 in
601 2721 634 2766 se
659 2703 871 2779 aestimabilis
899 2705 1038 2783 quamvis
1066 2720 1140 2768 usus
1168 2704 1221 2768 1111

128 2803 232 2865 nullos
247 2801 298 2864 det
312 2801 430 2864 fructus
444 2817 550 2865 novos.
1094 2833 1095 2838 =
1215 2827 1216 2835 ¹

169 2899 277 2978 Atqui,
294 2907 538 2978 quantacumque
554 2899 593 2960 sit
614 2899 668 2961 illa
689 2899 815 2962 auctarii
838 2899 1018 2974 differentia,
1037 2899 1063 2961 si
1086 2898 1171 2979 origo
1191 2907 1220 2962 et

129 3005 238 3059 natura
250 2996 349 3075 ipsius
360 2997 551 3076 respiciatur,
562 2999 615 3060 illa
626 3007 726 3060 tamen
739 2998 772 3060 in
781 3007 942 3076 systemate
952 2997 1112 3061 scolastico
1122 3013 1219 3078 neque

130 3094 167 3158 ad
195 3095 347 3173 justitiam
372 3112 470 3174 neque
495 3095 532 3158 ad
563 3097 771 3176 quaestionem
797 3096 944 3159 moralem
971 3104 1086 3176 spectat
1113 3116 1122 3161 z
1149 3112 1220 3159 nam

131 3194 272 3273 quamvis
297 3209 351 3272 per
374 3203 571 3256 transennam
596 3193 824 3258 distinctionem
850 3194 935 3257 illam
961 3203 1087 3274 ponant,
1112 3195 1219 3259 eodem

129 3307 255 3370 prorsus
269 3291 361 3355 modo
376 3290 413 3354 de
430 3291 513 3356 lucro
528 3308 565 3354 ex
580 3292 670 3354 honis
685 3292 749 3355 illis
763 3293 907 3357 omnihus
927 3301 1069 3372 percepto
1094 3293 1221 3373 loquun-

130 3398 189 3452 tur.
216 3391 333 3468 ltaoue‚
360 3389 512 3470 principia
536 3390 589 3452 illa
614 3407 684 3453 oum
710 3391 856 3454 moderna
881 3390 918 3453 de
948 3391 1071 3471 capitali
1102 3392 1218 3454 theoria

121 3487 325 3562 conferendo,
341 3488 496 3550 notionem
510 3488 653 3568 capitolio
668 3505 722 3552 seu
744 3505 844 3551 rerum
860 3489 1119 3568 productivarum,
1137 3490 1222 3568 Juxta

132 3587 289 3649 scientiam
304 3586 509 3661 scolasticam,
525 3587 589 3664 jam
605 3587 786 3651 adumbrare
801 3588 882 3651 licet.

171 3686 203 3748 Si
219 3702 255 3749 ex
270 3685 361 3748 rebus
376 3686 586 3749 materialibus
601 3687 647 3748 vel
663 3687 753 3766 ponci
768 3687 981 3750 materialibus
996 3687 1067 3749 illae
1093 3685 1221 3748 demun-

132 3794 179 3846 tur
203 3801 281 3864 quae
311 3785 414 3865 aliquo
443 3784 533 3855 modo
563 3785 728 3866 frugiferae
756 3803 792 3849 11
819 3803 884 3850 sese
913 3786 1075 3860 hahentur,
1104 3793 1222 3848 constat

130 3889 248 3946 tantum
263 3892 296 3947 ut
310 3884 426 3947 sterilia
450 3901 606 3948 remanere
628 3884 752 3947 mobilia
775 3903 854 3965 poce
870 3885 974 3966 primo
999 3901 1058 3946 oso
1076 3888 1219 3964 percont.

164 4114 197 4175 (1)
213 4111 252 4168 Cf.
265 4113 422 4178 formum,
434 4114 589 4177 stodiam...
601 4114 633 4178 ll,
647 4127 673 4178 p.
687 4113 745 4169 130.

165 4195 197 4258 111
214 4194 253 4253 ul.
272 4196 399 4250 Veterum
410 4198 517 4250 collott'o
529 4198 732 4261 numismatum,
745 4209 769 4251 e.
783 4195 877 4260 Vibo.
891 4195 916 4252 3.
