3242 4959
406 429 470 498 184
771 448 851 495 rans
864 444 984 494 rammi.
1002 443 1081 496 tuor.
1098 451 1120 496 r.

406 609 497 674 inem
518 609 657 683 scholae,
680 611 779 690 ipsius
798 611 917 675 notioni
932 611 1154 676 fundamentali
1169 612 1374 676 adhaerebant
1387 614 1491 693 periti,
1591 592 1592 613 ¹

404 709 556 790 quamvis.
566 709 950 790 saeculolllllquaeutione
961 712 1130 775 monetaria
1143 729 1179 776 ur
1188 711 1326 792 professo
1337 713 1437 793 posita
1445 715 1494 790 itt,

404 807 540 872 notionis
553 809 703 871 elementa
719 809 820 889 magis
830 809 1058 873 declararentur
1072 817 1102 874 et
1116 825 1348 891 nonnumquam
1363 809 1401 874 de
1412 811 1489 890 ejus·
1591 818 1592 825 ’

401 907 476 970 dem
489 906 747 986 applicationibus
762 908 979 988 disputaretur.
997 909 1144 990 Thuringi
1159 919 1272 984 autem,
1290 909 1330 972 ad
1347 925 1427 990 quos
1440 923 1496 990 per

403 1005 538 1069 bladium
560 1021 668 1067 aevum
689 1005 816 1068 scientia
842 1007 1029 1070 oeconomica
1055 1005 1224 1070 formaliter
1249 1007 1422 1087 pertinebat
1445 1009 1489 1084 (tl,

402 1103 583 1185 plerumque
605 1105 727 1168 nonnisi
743 1120 798 1185 per
819 1106 961 1168 accidens
982 1106 1020 1169 de
1035 1107 1182 1186 pecuniae
1204 1107 1329 1171 notione
1350 1107 1489 1187 agebant,
1591 1120 1592 1145 ¹

402 1217 470 1264 eam
500 1212 790 1281 praesupponentes‚
822 1203 905 1266 verbi
935 1204 1048 1284 gratia,
1080 1205 1235 1282 systemati
1265 1205 1302 1268 de
1328 1213 1436 1268 mutuo
1464 1212 1497 1268 et

402 1315 513 1375 usura,
546 1301 590 1362 vel
621 1300 749 1363 eandem
779 1300 970 1381 applicantes
998 1301 1193 1380 qrribusdam
1226 1311 1259 1366 ut
1288 1303 1489 1380 cambiarum,

404 1397 687 1462 consuetudinibus.
716 1398 802 1472 Quod
833 1398 915 1462 idem
941 1399 1105 1465 dicandum
1134 1411 1181 1464 est
1206 1401 1243 1464 de
1272 1401 1417 1465 omnibus
1442 1400 1490 1482 qai

404 1496 537 1560 saeculis
551 1497 619 1559 lllll
633 1506 663 1559 et
676 1497 759 1561 XVll
784 1495 816 1558 in
839 1497 1075 1561 Commentariis
1096 1499 1161 1562 suis
1176 1515 1281 1579 presse
1305 1500 1401 1563 secuti
1424 1506 1497 1563 suut.

1590 930 1592 985 l

1590 1498 1592 1557 l

404 1596 533 1660 Sebolae
549 1595 733 1676 Principem.
752 1595 839 1660 Unde
859 1596 1013 1677 imprimis
1032 1607 1171 1661 accurate
1195 1596 1279 1662 notio
1294 1614 1312 1660 a
1328 1599 1359 1662 S.
1377 1599 1496 1662 lbomt
1591 1602 1592 1607 ’

404 1703 516 1758 statuta
530 1694 713 1774 inquirenda
729 1694 858 1758 ridetur.

505 1944 519 2014 ς
534 1939 557 2000 l.
576 1938 621 2001 lle
635 1938 756 2000 rutinae
769 1955 805 2000 oc
822 1944 938 2001 motura
949 1939 1101 2020 pecuniae
1110 1942 1206 2020 juata
1221 1939 1394 2003 doctrinam

749 2037 784 2102 S.
806 2035 940 2100 Tlmmoe
955 2038 1135 2118 Aquimolis.

444 2239 587 2302 Doctrina
608 2241 639 2302 S.
664 2241 796 2302 Tbomae
819 2239 856 2302 de
878 2241 1007 2320 pecunia
1031 2241 1209 2320 praesertim
1235 2251 1280 2305 est
1305 2242 1494 2305 desumenda

402 2338 434 2398 1⁰
448 2353 483 2400 ex
500 2337 576 2400 locis
590 2337 653 2398 illis
669 2337 721 2400 ubi
737 2344 1006 2402 commentatorem
1027 2339 1059 2400 in
1081 2339 1275 2402 Aristotelem
1295 2357 1331 2403 ex
1354 2339 1497 2420 professo:

401 2436 475 2516 agit,
493 2435 611 2498 scilicet
625 2435 664 2497 lo
679 2436 712 2497 X
725 2435 835 2497 libros
854 2433 1038 2498 Etbicorom
1060 2435 1101 2498 od
1119 2437 1341 2500 Nicomachum
1357 2438 1436 2516 (Lib.
1456 2439 1489 2513 V,

400 2533 490 2597 lectio
506 2533 535 2610 9)
552 2541 581 2595 et
597 2533 800 2595 Politieorom
814 2550 868 2594 seo
888 2533 925 2595 de
940 2533 1028 2596 rebus
1050 2534 1191 2596 civilibus
1207 2535 1284 2611 (tib.
1303 2537 1328 2609 l,
1346 2536 1492 2598 lectiones

401 2632 420 2696 6
443 2632 480 2694 ad
503 2632 543 2708 9);
562 2665 603 2676 -
619 2630 653 2692 ⁶2⁰
671 2647 707 2692 ex
726 2630 803 2693 locis
822 2631 874 2693 ubi
893 2629 1005 2693 directe
1024 2630 1061 2694 de
1078 2642 1183 2694 mutuo
1202 2639 1232 2694 et
1253 2649 1346 2694 usura
1368 2639 1494 2707 tractat.

400 2746 511 2812 nempe
523 2732 555 2792 in
573 2728 735 2808 Quodlibet
749 2730 801 2793 lll
818 2739 884 2808 (art.
904 2731 964 2808 19),
982 2731 1014 2794 in
1029 2731 1174 2812 opusculo
1191 2733 1235 2794 De
1249 2731 1332 2794 Molo
1345 2735 1386 2810 (q.
1403 2732 1486 2806 ltili,

400 2841 457 2896 art.
481 2834 523 2908 1),
548 2834 579 2895 in
606 2833 781 2896 Commeoto
803 2833 836 2894 in
862 2833 987 2896 tertium
1011 2833 1123 2898 librom
1144 2834 1377 2899 Sententiarum
1400 2835 1487 2910 (bist.

397 2929 550 3008 llxxvii,
566 2950 596 3012 q.
612 2933 635 3008 l,
650 2942 706 2995 art.
722 2933 763 3010 li),
777 2941 806 2995 et
822 2932 854 2996 in
869 2931 998 2996 Stemma
1014 2931 1180 3014 tbeolopico
1191 2935 1234 3011 (dl
1246 2935 1301 3007 2³⁸,
1314 2933 1487 3012 Lllllvlll),

396 3031 667 3110 praetermittendo
697 3031 876 3111 opusculum
908 3031 1108 3110 probabiliter
1140 3032 1278 3110 spurium
1309 3032 1353 3093 lie
1381 3031 1494 3094 usuris

398 3130 514 3207 lopnsc.
546 3129 584 3191 73
611 3129 655 3191 vel
685 3129 749 3204 76);
775 3163 816 3172 -
842 3127 964 3192 tandem
991 3136 1019 3191 et
1041 3129 1202 3209 praecipue
1225 3130 1257 3192 3⁰
1282 3147 1318 3192 ex
1344 3129 1495 3210 opuscolo

396 3226 445 3290 De
460 3227 609 3305 repimioe
620 3226 802 3308 principum
818 3225 858 3287 od
874 3243 972 3305 repam
990 3228 1086 3309 Cppri
1098 3227 1176 3304 (Lib.
1194 3227 1232 3304 lt,
1251 3245 1318 3309 cap.
1333 3229 1398 3304 vll,
1416 3226 1487 3292 Xlll

398 3330 428 3387 et
442 3325 520 3404 xlv>
536 3325 589 3388 ubi
604 3342 641 3388 ex
656 3327 795 3406 professo
812 3324 849 3388 de
865 3341 896 3387 re
911 3327 1080 3389 monetaria
1095 3326 1157 3408 agit
1174 3329 1182 3404 )
1200 3330 1220 3404 ).

352 3558 354 3562 ’
425 3536 460 3599 (1)
482 3533 519 3592 Cf.
532 3535 653 3600 bannos,
667 3537 708 3600 op'.
722 3551 755 3601 c,
770 3551 796 3603 p.
812 3533 870 3591 mr.

423 3618 459 3683 (1)
480 3618 521 3675 Cf.
534 3619 572 3674 liu
584 3618 701 3681 Gronau.
714 3633 756 3683 op.
769 3635 804 3682 c..
820 3633 845 3684 p.
858 3617 893 3674 lu
904 3633 925 3674 s.

424 3703 461 3766 (3)
481 3703 513 3758 ll.
527 3702 650 3758 mnenon
659 3701 811 3756 doctrinam
824 3701 850 3756 S.
862 3701 981 3757 'ihomae
993 3703 1106 3767 exponit
1117 3704 1224 3757 tantum
1234 3699 1311 3768 juxta
1324 3701 1489 3766 opuseulum

392 3785 436 3840 De
445 3787 550 3849 means,
564 3783 746 3850 probabiliter
763 3783 901 3849 spurium.
919 3783 995 3849 juata
1013 3783 1087 3839 aliud
1100 3785 1142 3837 De
1158 3787 1290 3848 emptione
1306 3787 1331 3837 et
1342 3786 1496 3838 verditione·

393 3870 429 3921 od
443 3874 558 3934 tempos,
572 3866 620 3922 ubi
633 3865 690 3921 lere
703 3865 772 3920 nibil
786 3865 934 3929 invenitur,
945 3868 972 3921 et
984 3865 1177 3931 tandemjuxta
1188 3865 1300 3920 tertium
1310 3866 1352 3918 De
1361 3867 1491 3932 repimine

391 3954 549 4016 principem
564 3951 734 4014 (Geseoicbte
745 3953 795 4004 der
806 3949 1140 4014 uolbcwirlbsclmssiicben
1153 3950 1295 4002 Literotur
1306 3951 1345 4000 im
1361 3949 1490 4001 Mittelol·

393 4039 444 4094 ter.
458 4047 485 4099 p.
499 4033 573 4097 1-16,
587 4033 706 4098 Leipzig.
719 4033 825 4096 Pribor,
843 4031 926 4094 18119).
940 4034 1015 4086 -ln
1032 4033 1105 4087 uotis
1123 4043 1330 4096 nonnumquam
1348 4029 1494 4109 doctrinae

393 4117 420 4170 S.
433 4115 558 4171 Tbomae
567 4115 722 4171 doctrinam
737 4115 865 4181 opusculi
883 4117 922 4168 ite
937 4117 1027 4168 muris
1042 4112 1225 4170 conferemus.
1242 4114 1280 4168 lie
1292 4113 1345 4168 boc
1356 4111 1494 4178 opusculo

394 4196 628 4254 of.l1.DuWuur.
642 4199 695 4251 Les
707 4198 884 4262 Ptitosopbes
895 4198 990 4263 eetpes.
1001 4197 1031 4251 T.
1041 4198 1061 4251 l.
1076 4197 1115 4250 Le
1127 4197 1209 4250 troili
1219 4199 1252 4248 de
1269 4197 1375 4248 Uttitote
1385 4194 1494 4260 [orirer
