3242 4959
427 462 491 509 car.
515 462 537 507 r.
560 460 693 507 ursmare
715 460 909 517 ouaasrrours.
1169 442 1208 507 di

112 626 327 689 remuneratio
349 626 478 691 dicenda
496 627 560 690 :ita
581 626 613 689 in
635 626 748 705 anglia
771 625 950 705 praesertim
964 625 1055 688 imas
1079 625 1156 687 Mun
1181 632 1217 689 et

112 725 170 787 Mc
198 724 332 788 Cucuocrr
358 727 384 800 (e
399 724 485 789 labor
510 731 666 789 anteactos
680 725 718 801 »);
732 740 810 803 quae
827 723 941 786 theoria
956 730 1061 803 postea
1082 723 1115 785 iu
1137 724 1209 787 Gai·

114 822 199 885 liam
224 822 374 897 transivit,
399 822 452 887 ubi
478 823 788 887 Cornacum-Sauum
813 821 981 885 auctarium
1005 822 1214 901 propugnavit

113 932 152 985 ut
173 923 343 1002 praemium
361 922 475 987 laboris
490 922 690 1002 capitalistac,
711 922 838 1001 abipso
859 921 994 983 «travail
1015 920 1206 1002 depugno»

114 1022 214 1099 dicti;
237 1022 329 1101 buius
354 1022 514 1098 sententia,
537 1021 676 1101 quamvis
698 1037 760 1085 non
781 1036 868 1100 pura,
886 1020 1038 1085 recentius
1052 1020 1209 1101 proposita

113 1120 183 1184 fuit
213 1138 231 1184 a
262 1122 404 1197 (lebwar,
432 1121 614 1185 Curnnuuraz
645 1129 676 1183 et
707 1121 734 1182 J.
763 1121 906 1184 Gaauraa.
939 1119 1075 1183 Tandem
1102 1119 1213 1183 cadem

115 1220 240 1284 theoria
260 1220 399 1285 ultimam
420 1220 551 1283 obtinuit
569 1220 773 1283 evolutionem
794 1220 825 1281 in
846 1220 1019 1295 Germania,
1043 1219 1107 1292 nbi,
1135 1219 1215 1283 duce
1335 1272 1338 1275 .

116 1320 310 1394 Redeamus,
335 1320 476 1383 nonnulii
498 1327 531 1383 ut
553 1321 733 1395 Scmaruur,
751 1320 885 1381 Wacuna
899 1327 930 1381 et
943 1319 1112 1382 Srouzumu
1126 1319 1210 1399 capi·

117 1418 258 1481 balistam
290 1419 404 1483 babent
434 1426 467 1481 ut
495 1418 668 1481 ministrum
698 1434 715 1481 a
745 1418 889 1481 societate
916 1416 954 1480 ad
984 1417 1063 1481 bona
1098 1417 1211 1496 produ-

118 1516 221 1580 cenda
236 1518 444 1592 constitutum,
462 1517 597 1597 adeoque
612 1516 780 1580 auctarium
795 1523 829 1579 ut
847 1515 1017 1579 mercedem
1034 1515 1212 1593 hujusmodi

118 1613 240 1679 laboris
255 1614 480 1694 quasi-socialis
495 1616 542 1693 (t).

58 1946 60 1949 ’
163 1942 292 2018 Deinde,
307 1959 342 2005 er
358 1943 464 2006 eodem
476 1943 628 2024 principio
640 1944 677 2007 de
690 1943 791 2007 labore
804 1950 904 2006 ortum
916 1941 1053 2018 duxerat,
1063 1942 1106 2024 ab
1121 1942 1213 2006 initio

121 2040 238 2103 saecuti
266 2042 349 2117 xlx,
380 2042 475 2105 altera
500 2056 625 2122 prorsus
650 2042 801 2105 contraria
826 2041 954 2116 theoria,
982 2041 1014 2103 iu
1039 2040 1214 2105 evolutione

122 2139 260 2216 ejusdem
275 2140 389 2203 saeculi
406 2151 468 2203 tum
489 2140 655 2203 scientifica
674 2147 738 2203 tum
760 2139 866 2202 sociali
889 2145 993 2201 notatu
1013 2138 1208 2218 dignissima.

123 2238 211 2314 Cum,
221 2237 305 2317 iuxta
317 2239 503 2319 principium
516 2240 589 2301 oiim
601 2239 728 2301 a'Locke
740 2238 948 2314 coustitutum,
958 2238 1068 2300 unicus
1078 2236 1210 2317 produc·

122 2338 218 2401 tionis
239 2338 334 2402 factor
358 2338 507 2402 industria
533 2338 573 2407 sit
597 2339 743 2413 bumana,
773 2344 854 2400 totus
878 2344 1010 2415 quantus
1034 2336 1216 2417 producitur

120 2438 210 2502 valor
235 2447 267 2500 ut
293 2437 499 2500 laborantium
525 2438 564 2499 sit
588 2437 726 2516 aequitas
751 2436 854 2515 exigit.
883 2436 1015 2499 Proinde
1042 2437 1211 2500 auctarium

123 2536 217 2615 quod,
246 2536 331 2599 nulio
357 2537 460 2600 labore
485 2536 640 2616 praestito,
668 2535 858 2615 capitalistae
883 2535 921 2598 de
945 2534 1025 2598 iacto
1054 2535 1211 2612 tribuitur,

124 2636 238 2713 injuria
258 2636 412 2712 tribuitur,
433 2652 502 2699 cum
520 2636 600 2713 juste
621 2635 659 2697 ad
681 2635 836 2715 operarios
856 2634 990 2712 cujusvis
1011 2634 1122 2714 speciei
1144 2650 1212 2715 per-

124 2736 230 2797 tineat.
255 2735 341 2809 Quod
364 2735 586 2798 consectarium
612 2751 647 2797 ex
673 2734 771 2813 posito
800 2733 951 2813 principio
975 2733 1117 2796 eductum
1142 2749 1213 2796 esso
1299 2784 1303 2791 .

124 2834 244 2897 videtur
262 2834 415 2914 imprimis
434 2834 466 2896 in
484 2833 596 2913 Angiia
616 2850 634 2896 a
648 2834 786 2895 Wruuuu
800 2834 966 2899 Tuoursou.
985 2832 1061 2895 etin
1077 2832 1175 2895 Gallia
1190 2848 1209 2895 a

125 2930 274 2995 Srsuoum.
297 2933 342 2994 Ex
356 2947 391 2994 eo
412 2939 547 3009 tempore
569 2929 739 2992 innumeris
761 2928 883 3008 scriptis
903 2929 982 2991 hanc
1003 2929 1151 2992 theoriam
1173 2928 1212 2992 de

124 3028 253 3093 ioenoris
268 3029 415 3109 injustitia
434 3034 702 3109 propugnaverunt
722 3026 906 3101 socialistae,
924 3027 1003 3089 inter
1024 3042 1101 3106 quos
1116 3027 1215 3090 nomi-

126 3144 199 3191 nare
214 3130 342 3191 sufficiat
357 3130 392 3192 P.
409 3129 436 3191 J.
454 3128 625 3203 Paeonum,
643 3127 676 3189 F.
694 3127 841 3188 Lassauua
856 3135 886 3188 et
902 3127 938 3189 li.
954 3126 1042 3188 Maur
1057 3128 1104 3203 (a).

169 3505 255 3569 Circa
275 3518 390 3567 annum
413 3503 505 3579 1830,
529 3504 635 3567 Samon
656 3502 760 3567 foenus
782 3502 969 3566 sauvalonis
989 3510 1107 3582 partem
1129 3503 1212 3583 capi-

130 3604 248 3666 talistae
278 3602 422 3667 tributam
454 3617 533 3665 novo
564 3602 715 3682 principio
747 3601 910 3681 explicavit
940 3618 947 3663 :
978 3616 1089 3680 nempe
1108 3610 1213 3664 aucta-

130 3704 208 3766 rium
230 3702 298 3765 ideo
320 3718 386 3765 esse
402 3701 573 3782 legitimum
594 3702 723 3777 censuit,
741 3700 814 3781 quia
835 3700 988 3776 dominus,
1007 3708 1086 3763 sorte
1105 3707 1215 3763 mutuo

132 3800 254 3877 credita,
272 3800 402 3863 obstinet
417 3800 455 3863 ab
470 3799 568 3879 ipsius
588 3798 733 3862 fruitione
749 3798 913 3879 praesenti,
930 3807 959 3861 et
973 3796 1101 3877 proinde
1113 3796 1212 3875 iactu·

132 3915 194 3963 ram
206 3900 279 3963 facit
290 3900 392 3979 aliquo
404 3899 495 3963 modo
507 3898 761 3962 remunerandam
775 3898 923 3976 (treward
933 3897 981 3961 ior
991 3896 1212 3976 abstinerem).

163 4116 196 4179 (1)
212 4106 249 4172 Ci.
263 4116 478 4180 Briau-Bruma,
491 4116 537 4177 ab..
550 4130 577 4182 n.
590 4114 709 4179 aid-374,
722 4114 841 4171 odo-663.

164 4198 197 4261 (ᾖ)
213 4197 250 4254 dt.
263 4198 310 4264 ib„
323 4212 350 4265 p.
363 4198 481 4263 dauddd,
495 4196 613 4255 fibi-688.
