3242 4959
404 448 467 513 tos
775 465 982 510 hausturum.
999 465 1079 512 secr.
1096 465 1118 510 r.

404 639 450 696 est
464 639 565 696 autem
580 630 661 712 quod
676 631 769 695 etiam
784 631 929 694 denarius
943 631 1057 711 patitur
1070 632 1129 694 hoc
1144 629 1225 694 idem
1240 628 1322 710 quod
1337 629 1419 693 oliae
1430 647 1491 704 rea,

404 728 486 810 quod
501 729 618 794 scilicet
631 746 694 793 non
709 745 831 809 semper
851 745 906 809 pro
927 746 963 792 eo
984 729 1096 809 accipit
1115 729 1207 793 bomo
1229 729 1401 809 quodvult,
1419 729 1494 806 quia

404 846 465 894 non
494 846 616 910 semper
643 837 749 909 postea
774 829 912 908 aequale,
940 829 1019 892 idest
1047 845 1110 892 non
1137 845 1259 909 semper
1284 837 1330 891 est
1354 827 1492 906 ejusdem

403 929 532 1006 valoris;
549 928 603 992 sed
618 937 720 991 tamen
735 927 838 990 taliter
850 927 940 990 debet
954 943 1021 990 esse
1036 928 1196 991 institutus
1208 935 1242 990 ut
1255 927 1355 1008 magis
1369 942 1493 1006 perma-

403 1037 474 1091 neat
494 1028 526 1090 in
548 1027 654 1091 eodem
678 1026 797 1099 valore,
822 1041 914 1106 quam
935 1025 1013 1089 aiiae
1035 1042 1122 1089 res.»
1146 1027 1184 1089 Et
1208 1034 1328 1100 manen,
1352 1025 1494 1104 quamvis

403 1127 472 1192 ideo
488 1143 632 1191 mensura
653 1127 694 1189 sit
714 1125 796 1206 quod
818 1125 885 1205 ipsa
906 1126 1004 1206 possit
1025 1135 1058 1188 ut
1078 1142 1128 1188 res
1147 1125 1266 1189 reuaiis
1287 1125 1406 1201 baberi,
1430 1141 1493 1188 non

402 1242 547 1289 mensura
568 1233 614 1288 est
634 1229 786 1304 quotenos
808 1240 857 1286 res
879 1223 995 1286 venalis
1015 1223 1155 1286 hahetur.
1172 1223 1260 1297 Quod
1272 1223 1336 1300 jam
1357 1230 1442 1303 patet
1456 1239 1493 1286 err

403 1323 443 1387 iis
468 1340 546 1405 quae
570 1326 733 1388 statuimus
758 1340 862 1404 supra,
891 1325 1008 1388 sciiicet
1031 1323 1193 1404 pecuniam
1219 1341 1395 1388 mensuram
1425 1341 1493 1388 esse

403 1432 553 1504 quatenus
574 1439 667 1487 unam
690 1438 754 1486 rem
776 1424 913 1486 venalem
933 1423 1032 1499 alteri,
1055 1440 1111 1486 nec
1133 1423 1205 1499 sibi,
1221 1425 1318 1504 pretio
1340 1423 1489 1487 conferat.

400 1523 489 1597 Quod
502 1524 628 1604 insuper
650 1531 733 1604 patet
752 1540 788 1586 ex
810 1525 889 1598 ioco,
907 1524 959 1587 ubi
982 1525 1014 1588 S.
1031 1525 1164 1588 Thomas
1179 1525 1312 1589 ostendit
1336 1525 1494 1605 «qualiter

401 1623 434 1684 in
468 1623 605 1702 quotibet
633 1637 727 1703 regno
756 1630 785 1685 et
814 1639 1006 1702 quocumque
1035 1623 1171 1686 dominio
1207 1625 1415 1688 necessarium
1451 1625 1493 1686 sit

401 1721 555 1784 numisma
570 1722 752 1802 proprium»
770 1722 818 1798 (t).
835 1722 911 1784 Nam
934 1722 1112 1785 «numisma
1127 1723 1285 1802 proprium
1300 1722 1490 1785 fructuosius

397 1830 457 1884 est.
478 1821 553 1884 Cum
568 1821 651 1884 enim
670 1831 829 1884 extraneae
848 1831 987 1886 monetae
1007 1823 1271 1886 communicantur
1286 1823 1318 1885 in
1333 1831 1491 1902 permuta·

401 1920 551 1994 tionibus,
579 1931 697 2001 oportot
722 1937 877 1985 recurrere
899 1921 937 1984 ad
961 1933 1056 1985 artem
1077 1923 1296 2003 campsoriam;
1324 1938 1394 1986 cum
1416 1923 1492 1985 talia

401 2019 586 2082 numismata
608 2034 669 2081 non
691 2029 808 2082 tantum
830 2020 951 2082 valeant
971 2021 1003 2081 in
1025 2021 1202 2101 regionibus
1220 2022 1372 2084 extraneis
1390 2036 1491 2100 quan·

399 2126 465 2180 tum
493 2117 525 2180 in
551 2119 685 2199 propriis
700 2122 735 2196 (a)
760 2136 766 2182 :
793 2126 823 2181 et
843 2119 900 2182 hoc
922 2120 988 2182 sine
1010 2119 1121 2183 darnno
1143 2135 1209 2182 esse
1234 2137 1295 2183 uon
1318 2128 1428 2200 potest.
1455 2121 1492 2182 Et

399 2217 561 2298 praecipue
577 2217 688 2281 accidit
703 2217 734 2278 in
751 2217 889 2297 partibus
903 2217 1089 2280 Theutoniae
1111 2227 1140 2280 et
1161 2217 1337 2298 regionibus
1356 2217 1490 2281 circum·

431 2475 465 2538 (fi
482 2473 519 2531 cf.
534 2476 575 2528 De
587 2477 718 2542 regimine
730 2476 892 2539 pmnmpom.
906 2475 933 2529 L.
947 2476 978 2536 il,
992 2489 1015 2530 o.
1029 2475 1071 2530 i3.

432 2564 466 2626 (tt
483 2565 521 2619 Ex
533 2567 663 2620 contextu
675 2567 749 2629 patet
757 2563 839 2619 verba
851 2582 867 2612 «
876 2579 940 2619 cum
952 2565 1014 2620 talia
1027 2565 1189 2621 numismata
1199 2579 1254 2620 uon
1263 2566 1370 2620 tantum
1381 2564 1491 2620 valeant

400 2647 429 2702 in
442 2645 601 2714 regionibus
611 2645 759 2708 extraneis,
772 2649 907 2712 quantum
919 2645 948 2700 iu
960 2647 1105 2712 propriis»
1118 2645 1294 2712 intelligentia
1304 2659 1365 2702 esse
1380 2665 1386 2700 :
1399 2663 1415 2694 «
1424 2660 1491 2702 oum
1600 2653 1601 2674 ¹

398 2746 452 2784 oon
472 2731 586 2784 babeant
606 2731 744 2795 aequatem
764 2731 886 2782 autorem
907 2729 935 2784 in
959 2729 1118 2795 regionibus
1138 2731 1282 2794 extraneis,
1305 2732 1437 2796 quantum
1462 2731 1491 2784 in

395 2813 554 2879 propriis».
571 2815 599 2867 et
617 2826 671 2867 uon
690 2825 777 2867 «cum
796 2813 885 2864 tainus
902 2810 1009 2867 valeant
1027 2811 1055 2866 in
1074 2811 1233 2877 regionibus
1250 2811 1387 2867 extraneis
1405 2825 1491 2878 cuam

400 2895 429 2949 in
441 2894 592 2961 propriis».
603 2894 686 2949 secus
696 2893 769 2948 euim
779 2906 835 2947 non
845 2893 1008 2959 probaretur
1018 2893 1162 2956 intentum,
1174 2894 1332 2948 «numisma
1344 2894 1491 2959 pmprium

400 2973 569 3031 fructuosius
589 2988 688 3036 essee:
709 2974 809 3030 deiude
832 2976 855 3030 si
880 2975 1041 3030 numismata
1066 2975 1157 3030 minus
1179 2975 1300 3030 vaierent
1324 2975 1352 3028 in
1376 2976 1491 3041 regione

399 3061 536 3116 extranea.
548 3057 645 3113 falsum
654 3061 726 3113 esset
737 3057 804 3112 iilud
815 3058 843 3113 in
853 3057 903 3112 hac
913 3058 1024 3123 regione
1035 3058 1117 3112 «sine
1125 3057 1224 3113 damno
1233 3071 1294 3114 esse
1303 3072 1359 3114 non
1369 3072 1451 3123 posse
1458 3073 1487 3120 »ι

400 3139 509 3198 undem
527 3152 583 3194 non
602 3139 801 3204 intelligeretur
819 3138 892 3204 cuod
913 3139 978 3194 aiibi
997 3139 1063 3194 dicit
1082 3139 1109 3194 S.
1129 3139 1246 3195 Thomas
1266 3159 1272 3194 :
1292 3144 1345 3195 «et
1364 3140 1416 3195 boe
1435 3142 1489 3201 (ars

400 3221 592 3283 nummularia)
612 3220 724 3286 cuidem
745 3221 835 3287 primo
856 3220 955 3276 iactum
976 3225 1018 3276 est
1039 3221 1200 3288 simpliciter
1218 3225 1246 3277 et
1265 3223 1342 3289 ouasi
1361 3236 1376 3277 a
1394 3236 1460 3278 casu
1481 3241 1487 3277 :

400 3305 466 3370 puta
489 3300 563 3369 cuod
585 3315 620 3356 ex
642 3301 781 3368 alicuibus
800 3302 882 3357 terris
903 3303 931 3356 in
951 3302 1017 3357 alias
1037 3303 1121 3369 aliqui
1142 3303 1270 3358 denarios
1291 3302 1489 3360 transferentes

399 3388 490 3440 cottam
507 3400 550 3439 cos
567 3389 744 3450 emeruerint
761 3401 842 3451 ortum
854 3389 1012 3452 occeperint.
1023 3401 1039 3431 a
1052 3387 1097 3449 (In
1110 3387 1288 3440 Potitioorum
1300 3387 1328 3442 L.
1342 3389 1362 3450 1.
1377 3386 1439 3444 leot.
1453 3387 1487 3448 t).

401 3465 484 3532 Unde,
498 3467 568 3524 dicta
587 3468 615 3522 iu
633 3467 788 3534 hypothesi.
802 3482 866 3522 curu
879 3468 906 3522 in
919 3481 972 3522 una
986 3468 1097 3533 regione
1113 3481 1169 3523 non
1185 3468 1256 3524 adsit
1274 3470 1410 3524 numisma
1428 3483 1489 3536 pro·

400 3551 502 3619 prium.
521 3550 548 3605 in
567 3549 620 3607 hoo
637 3550 773 3606 numisma
791 3552 851 3614 ptus
869 3549 969 3606 valebit
986 3563 1018 3605 ac
1036 3550 1064 3604 in
1083 3551 1202 3617 propria.
1220 3549 1488 3616 sacramencum

398 3632 453 3700 iam
465 3632 600 3688 numisma
614 3632 641 3686 iu
653 3631 734 3687 aliam
746 3635 853 3698 praeter
863 3631 1002 3697 propriam
1015 3632 1202 3689 introductum
1215 3631 1306 3696 fuerit,
1320 3637 1387 3689 tuno
1404 3633 1489 3688 relate

399 3713 432 3770 ati
450 3715 586 3771 numisma
606 3714 677 3770 idem
696 3715 724 3769 in
743 3715 853 3781 propria
873 3713 984 3780 regione
999 3713 1102 3779 vigens,
1117 3715 1249 3770 rationem
1268 3717 1368 3771 mercis
1386 3714 1486 3778 induit.

399 3796 532 3866 adeoque.
549 3797 625 3864 juxta
644 3798 770 3865 generale
789 3797 956 3864 principium
972 3795 1016 3859 (of.
1028 3797 1057 3852 T·
1068 3798 1117 3860 ine,
1131 3812 1158 3863 o.
1172 3797 1290 3861 Lxxvh.
1310 3812 1333 3852 a.
1354 3797 1379 3857 f.
1399 3797 1433 3853 ed
1450 3798 1486 3862 T),

399 3880 561 3947 simpliciter
574 3883 661 3933 minut
672 3879 782 3935 valebit.
793 3879 867 3944 Quae
879 3879 902 3933 si
916 3879 1001 3944 prima
1012 3877 1320 3935 frontecontradictoria
1331 3879 1487 3943 videantur.

390 3966 510 4017 -eeontra
528 3961 581 4016 sibi
601 3961 696 4017 intime
713 3961 871 4023 cohaerent.
883 3973 946 4015 eum
958 3973 993 4015 ex
1005 3960 1061 4027 ipsa
1076 3962 1207 4027 pecuniae
1224 3962 1337 4018 notione
1354 3961 1486 4016 defluant.

400 4042 475 4098 Unde
487 4042 595 4099 taudem
608 4043 634 4097 S.
648 4043 765 4098 Thomas
775 4042 901 4098 absolute
912 4039 1004 4097 dicere
1017 4045 1106 4109 potest
1120 4062 1126 4098 :
1140 4057 1228 4098 «cum
1243 4044 1306 4099 talia
1323 4045 1488 4099 numismata

393 4138 455 4181 mon
473 4128 579 4182 tautum
597 4127 703 4183 valeant
721 4127 748 4181 in
768 4126 927 4192 regionibus
945 4127 1081 4182 extraneis
1097 4140 1178 4192 uuam
1196 4126 1225 4181 in
1242 4128 1394 4193 propriis».
1408 4126 1487 4192 Quod

394 4207 472 4265 idem
485 4212 527 4266 est
539 4210 705 4277 principium
717 4208 815 4266 cambii
829 4209 922 4266 localis
933 4209 1043 4266 saeculo
1055 4209 1110 4265 XVI
1121 4210 1249 4276 explicite
1261 4210 1419 4265 examinati.
