3242 4959
343 422 407 467 cnr.
425 423 457 468 11.
474 421 618 472 rummare
633 420 780 468 sorunrme
794 420 993 468 scauasrrcnu.
1153 403 1220 470 aot

126 584 163 649 de
180 585 378 650 loeermditate
393 587 541 668 pecuniae
555 595 635 652 essct
649 586 848 668 loquendum,
864 586 1001 667 adeoque
1022 586 1060 650 de
1076 586 1160 651 lucro
1175 604 1219 651 ee

121 685 259 766 pecnnia
279 695 344 750 orto
366 686 481 766 absque
495 686 609 751 labore.
628 688 671 751 lta
687 688 713 750 si
729 703 830 751 sermo
844 697 892 751 est
905 686 943 755 de
958 703 1016 754 usu
1030 686 1218 753 secundario·

126 785 275 865 pecuniae
290 801 351 866 qua
366 786 523 866 pecuniae,
540 786 617 850 nihil
638 787 738 851 obstat
759 787 925 866 quominus
944 803 1020 851 usus
1040 786 1092 850 ille
1113 787 1216 866 pretio

125 883 286 960 vendatur,
303 900 372 948 cum
387 884 474 950 sitin
490 885 610 965 sequid
626 886 753 950 seorsim
774 902 793 948 a
813 885 984 950 substantia
1000 884 1211 965 appretiabile.

125 986 164 1050 Et
190 986 369 1066 praesertim
391 1001 463 1051 cunr
486 987 614 1065 pecunia
638 1002 770 1065 quares
794 986 912 1050 venalis
933 985 1072 1060 babetur,
1096 993 1217 1066 praeter

125 1084 296 1149 industriae
318 1085 461 1165 pretium,
478 1101 515 1148 cx
530 1085 597 1165 ipso
613 1085 758 1165 pecuniae
779 1085 893 1159 valore,
910 1085 963 1164 qui
985 1099 1041 1164 pro
1061 1083 1219 1162 adjunctis

125 1184 186 1248 loci
199 1185 245 1246 rel
258 1185 404 1264 temporis
414 1184 548 1248 externis
558 1183 848 1259 etaccldentallbus,
863 1184 896 1246 ln
910 1198 1091 1247 scatescere
1100 1191 1214 1263 potest,

123 1282 243 1361 jrrstunr
260 1283 292 1344 bt
308 1283 438 1346 lucrum.

169 1380 388 1446 concludimus
406 1381 566 1461 pecuniam
588 1397 652 1444 non
665 1397 732 1444 esse
746 1396 812 1444 reru
828 1396 882 1460 per
895 1396 927 1443 se
941 1388 971 1444 et
985 1396 1022 1443 err
1037 1397 1070 1444 se
1083 1380 1214 1461 frugite-

126 1495 206 1554 ram,
225 1495 287 1542 non
302 1478 428 1542 induere
443 1479 592 1542 rationem
607 1478 747 1560 eaplnlis
762 1479 983 1560 productivum.
1000 1479 1136 1559 adeoque
1152 1494 1215 1542 nou

126 1577 340 1657 essecapitale
356 1577 447 1641 reale.
1075 1634 1081 1646 .

169 1675 284 1751 Quodsi
295 1675 425 1755 pecunia
437 1691 498 1738 nou
510 1683 556 1739 est
566 1675 695 1756 capitale
707 1675 873 1752 lucrosum,
883 1676 916 1738 iu
927 1693 1060 1757 quanam
1069 1675 1215 1741 relatione

126 1774 165 1838 ad
178 1774 260 1837 reale
271 1772 401 1854 capitale
412 1773 553 1854 ponenda
568 1774 618 1849 sit,
633 1774 742 1838 iterum
756 1775 852 1837 oritur
866 1791 903 1838 ex
917 1775 1065 1855 pecuniae
1078 1775 1213 1839 notione.

129 1873 267 1936 Pecunia
290 1881 336 1935 est
358 1872 486 1952 capitale
509 1871 745 1954 aequivalenter,
763 1889 832 1937 cunr
854 1874 992 1938 omnium
1007 1889 1107 1938 rerum
1123 1891 1215 1938 vena·

128 1972 208 2036 lium
231 1971 365 2035 valorem
388 1982 599 2036 mensuratae
623 1982 859 2052 repraesentet:
884 1984 914 2036 et
938 1973 1062 2054 quidem
1086 1973 1217 2052 pecunia

126 2070 237 2134 eadem
252 2086 301 2133 rcs
317 2080 423 2132 natura
438 2069 664 2134 diversissimas
679 2072 777 2153 prelio
793 2071 924 2135 exhibet.

170 2170 287 2248 ltaque,
302 2169 388 2248 juxta
402 2168 550 2232 theoriam
566 2168 758 2234 scolasticam
774 2169 812 2234 de
827 2170 966 2250 pecunia,
984 2169 1112 2234 eandem
1128 2186 1214 2250 pror·

128 2285 183 2331 sus
195 2265 494 2348 thesimreperimus‚
504 2282 596 2346 quam
608 2283 702 2349 supra
712 2268 751 2332 ab
763 2267 993 2332 eademtbeoria
1005 2267 1216 2347 independen-

126 2376 174 2430 ter
188 2366 361 2428 statuimus.
377 2364 450 2428 lude
462 2365 613 2444 judicium
625 2365 705 2429 feras
719 2366 756 2430 de
770 2375 886 2430 asserto
901 2365 983 2447 quod
995 2365 1077 2447 apud
1091 2365 1215 2430 hodier-

127 2481 186 2528 nos
196 2465 366 2543 theologos,
381 2464 550 2527 scolasticis
561 2463 770 2541 adhaerentes,
785 2467 872 2544 quasi
885 2481 1046 2529 commune
1058 2465 1213 2530 rideatur:

126 2561 291 2643 pecuniam
316 2561 349 2622 in
374 2576 406 2624 se
431 2576 497 2624 esse
523 2561 670 2637 sterilem,
697 2562 761 2638 sed,
789 2579 860 2626 curu
886 2563 919 2626 in
943 2564 1035 2627 rebus
1059 2562 1217 2643 frugiferis

128 2660 272 2725 omnibus
297 2659 338 2722 sit
362 2659 579 2736 convertibilis,
608 2660 753 2740 pecuniae
778 2677 833 2724 seu
858 2677 932 2724 usus
959 2661 1057 2740 ipsius
1082 2661 1218 2725 valorem

125 2759 325 2841 iudicandum
341 2776 407 2824 esse
421 2776 459 2822 ea
474 2759 563 2822 rebus
577 2775 655 2840 quae
670 2776 725 2840 pro
741 2761 870 2840 pecunia
885 2760 1061 2825 obtinentur
1074 2762 1121 2824 vel
1136 2761 1216 2824 obti·
1271 2754 1273 2759 ’

127 2859 196 2922 neri
223 2865 351 2938 possunt
376 2859 422 2934 ll).
451 2858 486 2920 P.
515 2857 692 2921 Biaderlack
716 2860 751 2936 le)
777 2857 886 2922 merito
912 2866 997 2921 notat
1021 2858 1075 2921 tali
1100 2866 1219 2922 asserto

128 2955 340 3037 quaestionem
356 2955 455 3034 ipsam
470 2969 532 3016 non
547 2955 667 3035 attingi,
686 2969 763 3034 quae
778 2955 820 3017 sit
834 2955 871 3018 de
892 2964 1000 3018 natura
1015 2956 1172 3037 pecuniae,
1189 2965 1220 3021 et

129 3075 192 3123 non
214 3057 252 3120 de
273 3063 381 3118 natura
401 3055 448 3118 vel
471 3055 670 3135 qualitatibus
690 3071 792 3118 rerum
815 3054 937 3119 illarum
958 3056 1069 3136 quibus
1090 3056 1218 3137 pecunia

129 3154 330 3237 aequivaleat.
362 3155 478 3218 Revera
506 3153 657 3218 scolastici
684 3153 845 3218 adstruunt
874 3155 906 3215 1⁰
934 3155 1095 3236 pecuniam
1125 3155 1157 3220 in
1185 3171 1222 3220 se

130 3271 197 3318 esse
230 3252 375 3327 sterilem,
406 3251 486 3331 quod
512 3259 614 3314 tamen
644 3268 705 3315 non
732 3251 871 3316 absoluto
903 3253 957 3316 sed
992 3252 1094 3316 debito
1127 3253 1221 3318 modo

131 3352 337 3433 intelligatur3
355 3352 480 3430 iusuper
494 3350 526 3413 2⁰
540 3351 704 3430 pecuniam
722 3350 814 3415 rebus
834 3349 991 3430 lmgileris
1011 3351 1219 3430 aequivalere;

131 3606 180 3648 seu
193 3605 228 3648 ex
239 3593 351 3656 capitoli
363 3592 441 3655 reoli,
455 3593 522 3656 qnod
534 3593 650 3655 pertinet
661 3593 696 3644 od
708 3593 835 3656 omnine
846 3593 982 3644 dominnm
995 3608 1005 3644 .·
1017 3587 1131 3655 capitale
1147 3587 1223 3643 reale

130 3673 269 3739 adipsum
281 3673 409 3738 nertlnet,
422 3673 485 3738 qula
498 3674 613 3738 pecunia
632 3673 660 3727 in
678 3671 738 3738 eius
756 3670 880 3727 dominio
891 3674 996 3736 manet;
1015 3673 1043 3726 et
1061 3669 1175 3736 pecunia
1187 3668 1217 3724 ln

132 3757 192 3825 ejus
212 3756 335 3813 dominio
355 3758 454 3820 manet,
476 3770 539 3812 curn
559 3756 713 3822 periculum
734 3756 866 3822 pecuniae
884 3768 968 3821 penes
990 3755 1082 3820 insum
1101 3755 1218 3808 maneat.

132 3839 217 3904 llnde,
231 3839 340 3895 lucrum
359 3853 415 3895 nnn
432 3837 630 3894 aestimandum
643 3841 684 3894 est
695 3851 746 3904 nro
759 3839 817 3892 rata
829 3836 957 3902 nericuli;
970 3838 1090 3892 attamen
1100 3847 1135 3889 ex
1146 3833 1217 3900 nerl-

133 3921 197 3977 culo
209 3923 359 3987 assumpto,
372 3933 421 3976 seu
437 3919 474 3976 ob
489 3918 644 3976 dominium
660 3921 806 3984 servatum,
819 3917 924 3985 iustum
935 3917 967 3973 fit
978 3917 1086 3972 lucrum
1097 3927 1149 3980 nro
1161 3917 1221 3970 rata

133 4004 294 4071 quantitatis
305 4004 445 4070 pecuniae.
1213 4018 1216 4022 ⁴

167 4086 201 4150 (l)
218 4085 255 4143 cl.
268 4101 295 4141 v.
308 4100 346 4152 g.‚
359 4086 388 4142 P.
402 4086 590 4150 Vuuunnnsou,
607 4086 776 4146 donationes
786 4086 820 4138 de
830 4084 940 4148 lustitia,
954 4097 982 4149 n.
994 4080 1053 4138 tull.

168 4167 203 4232 (bl
218 4166 257 4225 cf.
269 4181 312 4233 op.
325 4182 359 4233 n,
373 4181 400 4233 ll·
415 4166 498 4222 llll.
511 4193 544 4203 -
556 4165 593 4223 cf.
608 4179 700 4233 supra,
713 4180 740 4232 ll·
753 4164 801 4221 tol
814 4178 837 4220 s.
