3242 4959
326 449 391 514 296
695 464 1000 512 nursiamcasam.
1018 466 1051 511 n.
1075 469 1078 476 ·

328 631 486 707 debitoris,
504 631 550 694 vel
566 630 615 694 len
628 630 793 711 imperaret
809 629 908 710 ipsius
922 629 1070 693 voluntati
1086 636 1120 692 ut
1137 628 1193 694 illa
1209 632 1230 693 5
1250 630 1420 696 contractui

328 730 465 796 includat
484 731 529 809 (a).
551 730 662 794 Atvero
684 729 710 792 si
734 729 845 793 dicitnr
865 730 1011 810 primurn,
1034 735 1117 809 patet
1137 729 1230 792 iliad
1251 729 1419 794 contractui

328 847 390 895 non
405 829 540 905 subesse,
559 845 614 892 nec
629 836 785 892 contractu
806 828 982 905 transterri3
1003 836 1035 891 et
1054 828 1081 890 si
1102 827 1216 892 dicitur
1236 834 1417 903 secundum,

327 930 462 993 admissa
477 929 567 992 etiam
583 935 731 1008 potestate
746 928 806 991 tale
823 927 896 1007 quid
912 927 1097 1008 imperandi,
1114 935 1254 1008 ageretur
1273 927 1312 991 ad
1331 943 1419 990 sum·

327 1045 412 1094 mum
428 1029 465 1093 de
481 1030 578 1093 allicio
593 1028 783 1093 obedientiae
804 1044 840 1092 ex
863 1039 948 1108 parte
969 1027 1128 1102 debitoris,
1146 1034 1176 1090 et
1193 1027 1282 1106 proin
1305 1026 1419 1098 directe

328 1130 449 1202 saltem,
467 1128 504 1192 de
519 1129 605 1193 nullo
618 1127 685 1207 iure
700 1129 804 1192 stricto
826 1145 863 1191 ex
884 1137 969 1208 parte
991 1127 1163 1191 creditoris.
1180 1128 1279 1191 Priori
1301 1134 1418 1193 asserto

327 1227 474 1302 admisso,
493 1226 611 1290 videtur
623 1227 673 1306 ius
689 1227 875 1307 legislatoris
890 1242 994 1290 revera
1010 1227 1082 1307 poni
1096 1242 1190 1306 super
1204 1226 1308 1290 omnia
1329 1243 1419 1307 pror,

327 1345 380 1392 sus
404 1329 472 1407 jura
498 1327 660 1402 naturalia,
689 1326 780 1390 modo
805 1326 920 1390 bonum
950 1326 1107 1406 pubiicum
1135 1326 1262 1406 allegari
1288 1324 1417 1406 possit:

326 1429 434 1491 saltem
451 1428 533 1491 omni
547 1427 608 1506 iuri
623 1427 819 1507 proprietatis
833 1427 980 1507 privatae,
1001 1426 1113 1490 debitis
1128 1426 1296 1507 suppositis
1309 1427 1418 1490 condi·

327 1526 462 1590 tionibus
480 1526 687 1600 oeconomicis,
703 1526 753 1604 J'us
768 1534 866 1589 status
887 1524 1047 1589 maniteste
1066 1525 1207 1604 superius
1228 1531 1259 1588 et
1282 1525 1420 1588 anterius

326 1631 409 1687 esset
423 1641 429 1686 :
445 1624 497 1704 qui
509 1624 602 1699 enirn,
617 1623 830 1703 praesentibus
844 1623 878 1685 in
889 1621 1053 1701 adjunctis,
1066 1630 1166 1702 potest
1179 1623 1294 1697 minus,
1307 1639 1419 1703 nempe

326 1722 495 1786 auctarIum
514 1721 689 1795 transferre,
707 1721 739 1783 in
764 1721 835 1783 aliis
854 1719 1017 1797 adiunctis,
1036 1729 1136 1800 potest
1152 1720 1246 1801 plos;
1262 1729 1292 1783 et
1311 1721 1355 1784 ita
1367 1721 1419 1800 jus

327 1820 521 1900 proprietatis
547 1819 681 1899 privatae
710 1833 813 1880 revera
839 1817 993 1898 pendete
1019 1827 1166 1898 potestate
1190 1820 1355 1894 societatis,
1381 1836 1419 1883 ac

327 1918 481 1982 reducitur
495 1918 533 1981 ad
555 1917 762 1996 quaestionem
785 1917 911 1996 majoris
932 1917 1097 1981 minorisae
1117 1918 1370 1998 opportunitatis3
1387 1928 1419 1982 et

327 2018 369 2079 ita
386 2015 509 2096 insuper
524 2015 604 2094 quod
628 2031 735 2079 omnes
756 2025 926 2096 agnoscunt
946 2017 1042 2079 altum
1064 2023 1160 2079 status
1181 2017 1214 2078 in
1237 2017 1419 2097 temporalia

326 2116 509 2192 dominium,
528 2132 588 2179 nou
601 2116 664 2194 J'am
681 2124 761 2179 esset
776 2124 910 2196 potestas
924 2117 976 2193 J'us
991 2116 1142 2196 priuatum
1161 2126 1299 2180 accurate
1315 2116 1416 2180 deter-

327 2216 475 2291 minandi,
501 2216 563 2279 imo
586 2216 624 2277 ad
651 2214 765 2300 bonum
790 2232 952 2279 commune
978 2216 1142 2296 dirigendi,
1167 2215 1220 2280 sed
1243 2233 1310 2279 vere
1334 2216 1418 2281 idem

326 2322 406 2376 esset
427 2330 461 2377 ac
483 2313 654 2376 dominium
676 2314 813 2394 plenum.
833 2315 1010 2393 tergorum
1033 2315 1074 2376 ita
1095 2315 1200 2378 omnia
1218 2313 1365 2379 confundi
1386 2323 1420 2379 et

327 2412 502 2476 labefactari
529 2411 697 2486 videantur,
725 2413 900 2491 hujusmodi
927 2412 1040 2492 prioris
1062 2413 1182 2488 asserti,
1206 2429 1265 2493 qua
1292 2413 1418 2478 tandem

326 2510 441 2574 theoria
458 2511 575 2585 nititur,
593 2510 839 2590 probabilitatem
853 2511 996 2590 equidem
1011 2528 1073 2574 non
1087 2511 1300 2591 perspicimus.

367 2611 453 2686 Qtrod
468 2627 538 2674 vero
553 2610 591 2673 ad
608 2611 736 2674 alterum
751 2618 902 2674 assertum
921 2618 1049 2690 spectat,
1063 2611 1150 2690 iuxta
1167 2611 1252 2690 ,qood
1273 2610 1420 2676 omnibus

325 2709 575 2772 contrahentibus
587 2709 659 2788 hugi
672 2718 775 2788 posset
786 2709 919 2772 odicium
934 2709 999 2788 lege
1014 2708 1194 2788 impositum
1204 2707 1418 2776 consentiendi

325 2807 357 2869 in
387 2807 566 2880 auctarium,
591 2808 731 2886 quanrvis
752 2823 788 2869 ex
811 2817 920 2870 natura
941 2806 1038 2869 mutui
1062 2808 1237 2871 nullatenus
1265 2807 1415 2882 debitum,

325 2907 479 2988 imprimis
499 2908 541 2970 ita
562 2908 669 2970 titulus
692 2908 799 2988 legalis
821 2907 917 2970 multo
936 2907 1001 2985 jam
1023 2906 1206 2972 moderatior
1226 2915 1414 2988 appareret:

324 3023 405 3081 cum,
429 3014 462 3070 ut
483 3006 596 3070 dictum
619 3015 675 3081 est,
700 3007 759 3070 tale
781 3007 913 3070 odicium
934 3023 972 3069 eu
995 3007 1060 3086 lege
1075 3015 1176 3070 ortum
1196 3023 1259 3070 non
1278 3006 1419 3071 videatur

323 3106 477 3187 quomodo
503 3106 615 3169 directe
641 3103 680 3169 ad
701 3105 852 3184 iustitiam
881 3105 1128 3169 commutativam
1153 3105 1327 3186 pertineret.
1354 3105 1414 3170 Sed

355 3378 390 3440 (ll
408 3376 446 3432 hd
460 3377 529 3432 hano
541 3381 632 3434 tamen
644 3379 833 3446 quaestionem
846 3394 943 3445 parum
954 3379 1047 3445 refert,
1058 3383 1089 3436 nt
1101 3381 1181 3438 nobis
1190 3380 1308 3445 videtur,
1319 3381 1417 3451 utrum

322 3459 368 3516 lex
385 3460 564 3525 quantitatem
584 3458 708 3524 ioenoris,
728 3464 793 3526 puta
804 3461 822 3516 l
834 3461 875 3516 vel
888 3461 905 3516 5
916 3463 960 3527 ⁰to,
979 3460 1154 3526 determinet,
1167 3477 1201 3518 an
1219 3463 1289 3518 hanc
1306 3460 1416 3529 ouanti-

323 3546 406 3598 tatem
425 3543 620 3608 paciscentium
639 3544 772 3601 voluntati
792 3545 943 3602 secundum
963 3561 1045 3601 usum
1062 3546 1163 3602 civium
1180 3546 1416 3603 determinandam

324 3625 470 3692 relinquat.
481 3625 591 3681 Nullum
602 3627 675 3682 enim
688 3627 855 3694 perspicitur
866 3627 1014 3684 discrimen
1026 3643 1060 3684 ex
1072 3633 1150 3695 parte
1162 3630 1304 3695 potestatis
1315 3632 1414 3686 status.

322 3707 398 3765 Unde
410 3724 466 3765 non
478 3710 603 3766 videmus
614 3725 665 3766 cur
677 3711 775 3767 titulus
788 3711 891 3778 legalis,
906 3713 928 3767 ei
941 3712 1025 3768 semel
1039 3713 1212 3779 probaretur,
1225 3713 1336 3768 nonnisi
1347 3715 1416 3769 tunc

323 3792 444 3847 invocari
464 3795 556 3858 posset
574 3807 638 3848 cum
658 3793 703 3849 lex
722 3791 812 3850 laeuus
830 3793 994 3851 determinet
1007 3814 1014 3850 :
1028 3795 1102 3861 quod
1119 3794 1268 3853 hodiedum
1286 3810 1342 3852 non
1355 3794 1413 3862 iam

323 3873 383 3940 leae
402 3873 463 3930 heri
484 3874 563 3937 solet.
586 3875 691 3934 Etenim
711 3875 858 3932 ultimalim
879 3876 977 3933 titulus
1001 3877 1095 3942 legalis
1117 3878 1172 3934 huc
1194 3878 1266 3935 redit
1287 3897 1295 3934 a
1318 3882 1415 3938 utrum

321 3959 410 4014 status
421 3956 510 4012 civilis
526 3960 688 4023 potestatem
708 3957 804 4014 habeat
822 3959 958 4016 statuendi
978 3962 1009 4015 nt
1026 3965 1183 4018 contractus
1201 3961 1291 4018 mutui
1307 3977 1324 4015 o
1341 3952 1415 4028 poci·

322 4039 460 4104 srentitas,
474 4053 522 4094 seu
535 4039 671 4096 mediante
684 4041 806 4106 ipsorum
820 4042 964 4105 voluntate,
977 4056 1111 4098 onerosus
1124 4042 1186 4098 iniri
1197 4044 1293 4109 possit.
1303 4045 1336 4099 nt
1345 4045 1416 4100 tunc

323 4124 416 4176 utrum
430 4121 486 4187 ipsa
500 4121 543 4177 lex
556 4121 745 4177 mathematice
757 4121 847 4179 ioenus
859 4123 1023 4179 determinet
1039 4137 1073 4179 an
1089 4124 1326 4181 determinandum
1339 4125 1416 4182 inter

321 4208 412 4260 certos
425 4204 525 4260 limites
539 4205 739 4270 paciscentibus
752 4204 897 4273 relinquat,
912 4210 985 4274 patet
998 4208 1050 4264 hoe
1061 4209 1245 4266 accessorium
1257 4223 1327 4266 esse.
1394 4251 1398 4258 .
