3242 4959
385 430 450 475 cnr.
474 430 495 474 r.
519 429 651 475 ursrorun
672 428 868 483 oususrrours.
1133 411 1173 475 47

79 594 119 657 i).
149 595 313 671 lucili),
340 594 557 657 recurrendum
584 609 744 657 censemus
768 593 806 655 ad
834 592 1071 657 moderationem
1093 609 1172 672 quae

77 701 156 755 tuuc
176 693 210 754 in
231 709 263 755 re
288 693 428 756 usuraria
454 693 590 773 ipsorum
617 691 769 756 Ecclesiae
791 691 1032 771 praepositorum
1053 701 1170 755 mentes

80 792 221 857 imbuere
240 793 376 873 coeperit.
399 793 469 866 Cur,
493 808 616 871 quaeso.
639 792 671 855 S.
689 791 841 865 Pontifex,
862 791 1009 855 consultis
1029 790 1170 855 cardina·

82 892 175 966 libus,
191 891 383 969 Encyclicam
400 891 556 962 edidisset.
570 890 631 953 nisi
643 898 676 953 ut
688 890 788 954 intimi
800 890 896 952 animi
908 906 998 952 seusa
1008 890 1172 969 panderet?

79 990 243 1053 ·Caeterum
257 990 373 1069 legatur
385 1006 462 1069 opus
475 989 628 1052 Benedicti
640 989 719 1059 xlv.
735 1004 815 1051 anno
829 988 909 1051 l'ld8
920 988 1030 1051 ilerum
1044 986 1171 1064 editum,

85 1091 128 1151 lle
145 1089 263 1168 synodo
289 1089 458 1152 dioeccsono
481 1112 490 1150 :
517 1090 608 1153 «Nos
633 1088 672 1151 ad
698 1088 778 1152 Petri
803 1087 983 1151 cathedram
1007 1088 1113 1161 evecti,
1133 1105 1171 1151 ne

78 1185 252 1249 -catluolo'coe
280 1186 439 1249 doctrinae
467 1187 611 1267 ponitus,
643 1188 731 1265 cujas
765 1185 937 1266 depositum
964 1185 1052 1247 nodis
1080 1192 1124 1249 est
1152 1204 1172 1247 u

86 1284 209 1349 Christo
221 1286 441 1361 concreditam,
454 1286 511 1349 hac
526 1286 637 1349 erroris
652 1284 720 1349 laha
736 1284 912 1359 foedaretur,
925 1283 1005 1347 datis
1016 1284 1054 1348 ad
1068 1285 1172 1348 ltaliae

85 1386 245 1467 episcopos
270 1386 440 1464 lincyclicis
465 1385 640 1461 Litteris..,
663 1384 737 1447 haec
760 1384 840 1446 inter
864 1399 981 1447 caetera
1005 1383 1171 1447 declaravi-

85 1501 191 1548 mus..
210 1508 224 1541 n
243 1487 289 1562 (a).

124 1696 233 1769 Porro,
257 1694 331 1774 quid
353 1695 391 1759 de
412 1696 469 1757 hac
491 1694 630 1759 doctnna
655 1693 820 1757 declaravit
844 1696 989 1757 Summus
1014 1694 1172 1759 Pontifex?

125 1796 157 1856 l⁰
175 1794 319 1857 «Peccati
334 1810 432 1873 genus
446 1793 534 1868 illud,
549 1793 629 1872 quod
641 1809 734 1856 usura
746 1803 879 1867 vocatur,
894 1794 1035 1874 quodque
1050 1795 1082 1856 in
1097 1811 1171 1858 con·

82 1902 179 1957 tractu
196 1894 294 1955 mutui
310 1893 465 1972 propriam
485 1907 572 1955 suam
595 1890 698 1955 sedem
719 1901 748 1955 et
771 1893 872 1955 locum
892 1892 994 1967 hahet,
1018 1894 1051 1956 in
1072 1910 1107 1957 eo
1128 1901 1173 1957 est

88 1992 253 2071 repositum
278 1991 360 2071 quod
386 1991 454 2070 quis
476 2007 514 2053 es
535 1990 664 2070 ipsomet
685 1995 803 2064 mutuo,
834 1991 914 2069 quod
937 1999 1045 2071 suapte
1065 1980 1173 2055 natura

87 2092 275 2155 tantumdem
301 2092 458 2156 dumtaxat
483 2091 568 2155 reddi
592 2092 736 2171 postulat,
764 2103 911 2172 quantum
937 2103 1091 2175 receptum
1114 2103 1171 2170 est,

88 2192 155 2269 plus
169 2191 230 2255 sibi
246 2189 332 2253 reddi
349 2191 431 2263 velit,
446 2207 538 2269 quam
553 2200 599 2253 est
610 2198 781 2270 receptum
800 2192 928 2271 ideoque
948 2193 1028 2255 ultra
1047 2202 1172 2268 sortem,

90 2289 204 2353 lucrum
217 2289 352 2367 aliquod,
369 2289 470 2369 ipsios
484 2289 605 2351 rollone
620 2290 733 2363 motui,
748 2290 807 2354 sibi
824 2290 925 2354 deberi
941 2292 1140 2355 contendat...
1157 2315 1170 2347 a

128 2390 161 2451 2⁰
185 2412 199 2446 u
214 2389 322 2468 Neque
335 2404 406 2449 uero
419 2387 460 2451 od
475 2388 567 2451 lotam
583 2386 679 2451 lolem
690 2388 900 2469 premendum,
917 2390 1015 2453 allum
1030 2391 1174 2455 occasuri

85 2488 259 2551 subsidium
276 2487 403 2567 poterit,
421 2487 467 2550 uel
484 2504 518 2551 ex
535 2503 570 2550 co
589 2487 670 2565 quod
694 2488 723 2550 id
747 2488 866 2551 lucrum
887 2505 949 2551 non
968 2490 1127 2565 excedens,
1143 2498 1174 2553 et

91 2588 230 2659 nimium,
254 2585 307 2649 sed
329 2584 533 2662 moderatum;
558 2602 619 2648 non
638 2601 795 2666 magnum,
813 2586 866 2649 sed
885 2586 1029 2667 exiguum
1044 2587 1084 2649 sit
1101 2605 1108 2649 :
1126 2587 1172 2651 uel

88 2702 124 2747 ex
144 2703 178 2750 eo
201 2684 282 2764 quod
305 2685 342 2759 is,
367 2701 385 2747 a
408 2701 468 2763 quo
491 2684 608 2747 luorum
631 2685 728 2748 solius
749 2701 842 2749 causa
867 2686 963 2748 mutui
988 2686 1171 2765 deposcitur,

92 2800 148 2845 ooo
158 2799 293 2864 pauper,
309 2782 363 2845 sod
378 2781 462 2845 diues
476 2782 606 2857 existam
626 2799 681 2845 uec
695 2782 799 2844 doloro
819 2782 879 2844 slot
897 2789 1004 2845 moloc
1022 2800 1175 2845 sommam

93 2880 253 2943 relicturos
278 2880 418 2955 otiosam,
446 2880 499 2943 sed
525 2880 565 2943 od
590 2882 731 2957 fortunus
755 2897 830 2941 suos
855 2880 1098 2960 amplificandos,
1129 2881 1176 2947 vel

92 2980 173 3041 nouis
199 2978 369 3042 coemendis
390 2978 542 3059 praediis,
566 2978 613 3041 uel
637 2978 830 3059 quaestuosis
850 2978 1007 3058 oqilandt's
1031 2980 1174 3058 neqotlis,

94 3078 254 3141 utilissime
267 3078 309 3139 sit
323 3077 560 3158 impensuros...
579 3100 594 3133 ι

132 3177 162 3239 30
186 3178 275 3239 «Per
288 3177 363 3239 haec
384 3185 483 3239 autern
507 3190 698 3255 nequaquam
721 3183 861 3256 negatur,
884 3192 974 3256 posse
994 3177 1177 3257 quandoque

96 3290 152 3339 una
170 3291 241 3339 cum
263 3276 360 3339 mutui
381 3283 536 3339 contractu
557 3274 705 3354 quosdam
721 3275 809 3350 alios,
827 3284 861 3338 ut
875 3276 971 3351 aiunt,
990 3278 1095 3341 titulos
1110 3295 1179 3342 eos·

94 3371 220 3453 demque
246 3373 370 3453 ipsimet
397 3373 563 3437 universim
588 3380 713 3437 naturae
739 3374 837 3436 mutui
857 3374 985 3437 minime
1007 3377 1129 3440 innatos
1150 3385 1181 3440 et

97 3468 283 3545 intrinsecos
301 3470 377 3534 forte
392 3487 564 3549 occurrere3
582 3488 619 3534 ex
631 3472 743 3551 quibus
752 3472 835 3550 justa
846 3473 971 3537 omniuo
984 3474 1180 3555 legitimaque

95 3582 182 3631 causa
197 3578 361 3650 consurgat
375 3569 522 3649 quiddam
538 3569 672 3649 amplius
691 3586 784 3650 supra
805 3578 918 3635 sortem
940 3589 976 3635 ex
997 3581 1103 3636 mutuo
1125 3572 1177 3635 de·

98 3663 186 3731 hilam
201 3668 258 3731 rite
274 3667 427 3753 exigendi.
444 3670 548 3747 Neque
564 3668 636 3731 item
651 3677 789 3749 negatur,
807 3685 897 3748 posse
911 3672 1067 3735 multoties
1086 3687 1177 3751 pecu·

128 3922 159 3983 (l)
174 3924 258 3988 Furor,
277 3924 362 3990 Moto
382 3925 476 3989 Moffci
492 3928 547 3978 ond
565 3928 613 3979 das
631 3925 778 3978 lrirclrllolre
795 3927 953 3980 Zinsvcrdot
971 3926 1079 3990 (Theoi.
1095 3929 1181 3987 Quar-

100 4006 215 4073 tolselar.,
228 4007 303 4072 1879,
317 4023 344 4075 u.
356 4008 412 4075 lon
425 4011 486 4062 Zur
500 4010 655 4065 Gesclriclrte
667 4013 712 4063 des
730 4010 962 4075 ll'uclwrslrcites
976 4026 1003 4077 q.
1017 4012 1058 4067 ll.
1227 4071 1230 4074 ,

130 4089 161 4151 (i)
177 4090 540 4159 dinumerationem,
552 4093 570 4150 l.
581 4094 612 4160 x,
622 4107 647 4149 c.
657 4092 683 4159 l,
695 4108 722 4148 11.
733 4093 766 4149 10
774 4092 877 4159 (Opera
886 4097 977 4149 omnio
986 4096 1088 4151 Bencd.
1099 4098 1147 4151 XI
1151 4099 1183 4162 V,

102 4168 142 4225 ed.
154 4173 257 4240 leuet,
270 4173 345 4239 1787,
358 4176 378 4231 t.
393 4175 446 4241 llll,
459 4190 487 4241 u.
500 4173 535 4238 8).
