3242 4959
412 478 476 523 our.
500 480 521 523 r.
546 478 679 525 ursronrl
701 479 894 532 ouansrronm.
1155 461 1196 525 63

83 640 323 704 'haereditatem
339 642 421 705 enim
434 642 472 705 ab
484 643 685 723 antagonistis
699 642 857 707 doetrinae
874 642 1079 705 traditionalis
1091 657 1196 721 aceep-

86 748 169 802 tam
192 756 229 803 ex
250 740 388 820 professo
410 741 509 805 colere
531 742 631 804 eonati
653 752 735 815 stunt,
759 741 953 820 aedificiiqne
975 757 1030 821 per
1050 741 1109 804 tria
1131 739 1195 804 iere

90 839 229 901 saecula
244 839 341 901 multo
357 854 425 901 oum
443 838 545 903 labore
561 840 686 903 extructi
703 840 902 904 fundamenta
914 840 1056 903 solidare.
1071 838 1194 903 Oriente

88 939 229 1001 saeculo
254 939 337 1013 xlx,
364 940 391 1001 l.
421 940 455 1001 B.
484 940 541 1002 Sur
565 939 665 1016 (1803)
694 946 724 1002 et
753 941 947 1003 brunennmn
977 938 1077 1016 (1804)
1102 938 1193 1016 buius

94 1037 230 1100 scholae
241 1036 334 1101 duoes
346 1044 427 1100 sunt.
441 1039 530 1101 Juxta
541 1039 568 1101 l.
579 1040 613 1101 Β.
624 1039 693 1117 Sey,
707 1038 911 1118 plurimorum
926 1038 1194 1101 oeeonomistamm

94 1135 308 1216 magistrum,
340 1136 526 1211 auctarium,
563 1136 644 1216 quod
674 1137 762 1201 docet
790 1136 976 1216 experientia
1006 1136 1196 1215 capitalistae
1287 1219 1290 1226 ¹

91 1235 261 1311 obvenire,
290 1234 396 1298 eodem
422 1235 512 1299 modo
537 1236 700 1299 honestum
723 1235 901 1313 justumque
922 1244 969 1298 est
997 1250 1058 1313 quo
1086 1251 1196 1298 census

87 1341 214 1397 natura
234 1340 348 1413 partus,
371 1343 400 1396 et
420 1334 532 1397 salaria
550 1334 686 1398 laborem
705 1334 873 1396 humanum
894 1333 1119 1397 remunerentia
1136 1350 1143 1395 :
1160 1333 1195 1395 in

94 1432 305 1513 productione
330 1434 413 1496 enim
437 1449 550 1509 rerum,
573 1434 631 1496 tria
653 1448 831 1497 concurrere
856 1432 1016 1507 elementa,
1038 1440 1191 1506 naturam,

96 1532 254 1606 laborem,
278 1532 422 1611 capitalo;
446 1532 527 1595 unde
548 1532 682 1595 retorem
697 1532 877 1612 productum
899 1547 935 1593 ex
953 1531 1073 1609 justitia
1087 1528 1193 1593 distri·

92 1630 260 1695 buendum
279 1646 346 1693 esse
368 1631 480 1710 partim
502 1640 609 1706 terrae,
626 1631 737 1711 partim
759 1629 927 1693 industriae
944 1629 1106 1704 humanae,
1124 1644 1193 1708 par-

97 1732 160 1793 tim
191 1731 326 1811 capitali.
359 1733 480 1810 ltaque,
515 1746 576 1793 uno
605 1731 712 1806 verbe,
744 1731 874 1810 oapitale
904 1741 949 1794 est
973 1748 1032 1811 por
1059 1730 1194 1810 seipsum

91 1830 338 1911 formaliterpoe
352 1830 537 1907 seeundum.
1047 1857 1050 1861 ⁴

144 1930 229 1991 Haec
244 1928 361 1991 theoria
377 1928 480 1991 statim
501 1928 608 1991 multis
629 1928 838 1991 oeconomistis
861 1927 1073 2006 acceptissima
1088 1926 1147 1989 fnit
1160 1927 1194 1990 in

94 2028 281 2100 Germania,
300 2027 397 2102 ltalia,
416 2035 445 2090 et
460 2027 570 2101 Gallia,
588 2027 661 2090 dum
682 2028 714 2089 in
734 2027 848 2107 Anglia
867 2027 984 2089 theoria
999 2026 1036 2089 de
1051 2026 1193 2107 omnipo·

95 2126 201 2189 tentia
221 2125 346 2194 laboris.
371 2141 462 2205 quam
478 2125 521 2189 ibi
534 2124 714 2203 iamdudum
736 2125 837 2204 vigere
859 2124 1003 2199 vidimus,
1024 2124 1191 2203 perstabat.

98 2225 168 2286 ¹«ln
192 2223 386 2297 Franlrreioh‚
410 2224 453 2285 ait
474 2223 510 2285 b.
528 2238 587 2285 von
609 2222 860 2295 Bdbm·Bawerk‚
885 2222 1002 2285 erwarb
1023 2222 1088 2285 sieb
1110 2220 1194 2299 Saus

101 2320 461 2384 Prodnolivit'eitstbeorie
473 2320 560 2383 keine
572 2320 730 2401 geringere
743 2320 932 2400 Popularitail
943 2320 990 2382 als
1001 2320 1034 2382 in
1049 2319 1195 2382 lleutsrb·

102 2423 190 2487 land.
215 2424 265 2487 Sie
288 2424 392 2487 wurde
415 2423 483 2486 bier
507 2422 651 2486 fdrmliob
676 2420 920 2485 illodetbeorie...
947 2417 1193 2499 Eigentbiumliob

102 2522 145 2586 ist
173 2523 293 2601 jedeon,
322 2522 394 2585 dass
419 2521 468 2584 die
495 2520 845 2585 Productivititslbeorie
876 2536 934 2583 ron
965 2518 1194 2582 iranzdsiseben

103 2622 346 2687 Sebriflstellern
368 2623 464 2685 seiten
490 2622 521 2684 in
547 2622 643 2685 voller
666 2622 808 2685 Reinheil
830 2622 944 2685 bewarl
969 2620 1074 2684 wurde
1098 2639 1105 2683 :
1133 2620 1194 2682 fast

103 2721 185 2797 Alie,
204 2722 253 2785 die
269 2724 312 2785 sie
328 2722 511 2797 dunelmen,
527 2722 728 2785 vermisrbten
745 2721 789 2783 sie
805 2721 969 2783 eklelnisob
984 2720 1041 2781 mit
1055 2719 1194 2782 Elemen-

100 2828 156 2882 ten
173 2820 256 2883 einer
271 2820 344 2882 oder
365 2820 442 2883 anob
463 2819 617 2882 mebrerer
638 2817 856 2898 fremdarligen
877 2818 1041 2893 Theorien;
1065 2833 1110 2891 so,
1140 2832 1193 2879 um

104 2935 165 2981 nur
179 2920 285 3001 eigene
300 2919 353 2982 der
368 2918 646 2981 einllnssreicbslen
662 2918 880 2981 Sobriltsteller
895 2934 931 2978 zu
944 2928 1082 2989 nennen‘
1092 2917 1192 2993 {losse

102 3034 139 3081 so
155 3019 313 3089 llloxrnmu,
328 3033 362 3081 so
377 3019 485 3080 losnnn
497 3018 639 3090 Gxnmnn,
652 3016 715 3079 und
727 3017 759 3078 in
771 3016 825 3079 der
837 3024 981 3078 neuesten
992 3015 1057 3078 Zeit
1071 3015 1195 3079 Caunos

106 3116 171 3180 und
193 3118 484 3180 Linou-anumnu»
503 3118 549 3193 (t).
574 3116 608 3178 ln
630 3116 791 3179 Germania
815 3116 873 3194 Say
894 3114 989 3177 secuti
1012 3121 1082 3177 sunl
1106 3130 1195 3193 prae·

103 3214 213 3277 sertim
229 3214 337 3287 senon,
355 3216 478 3290 annm,
497 3216 635 3279 Rosennn
648 3221 678 3277 et
693 3216 956 3277 Knnmwxneurnn.

148 3316 278 3379 Theoria
293 3315 332 3378 ab
347 3316 438 3396 anglo
451 3315 637 3379 Lauderdale
649 3325 851 3396 propugnata,
865 3332 901 3378 ae
911 3315 1092 3395 penitiorem
1104 3331 1196 3395 quam

107 3414 225 3478 theoria
246 3416 304 3494 Say
326 3415 559 3495 explicationem
584 3414 719 3479 loeoundi
745 3416 885 3496 capitalis
906 3416 1046 3491 afferens,
1063 3416 1197 3479 admissa

105 3521 154 3573 est
168 3512 201 3574 in
215 3513 328 3592 Anglia
342 3520 460 3576 tantum
476 3530 494 3576 a
508 3514 659 3589 Maurum,
677 3521 708 3576 et
722 3514 805 3577 Reno
813 3531 821 3591 ;
846 3521 951 3593 postea
973 3513 1089 3577 similia
1109 3530 1200 3593 quae

107 3609 179 3673 dam
195 3620 358 3674 occurrunt
371 3611 453 3691 apud
468 3611 631 3691 scriptores
646 3612 837 3675 amerieanos
858 3612 896 3674 H.
915 3612 1014 3675 Cannu
1027 3620 1057 3673 el
1072 3613 1199 3674 Pnsumn

108 3708 216 3786 Surru;
233 3710 360 3772 -item
376 3710 525 3773 recentius
540 3709 622 3789 apud
638 3725 800 3790 germanos
814 3712 953 3773 Tuunnnn
967 3718 997 3773 et
1010 3710 1140 3783 erasnm
1157 3742 1198 3753 -

111 3807 232 3871 tandem
253 3807 418 3871 hodiedum
436 3808 517 3889 apud
539 3824 601 3873 non
622 3825 747 3889 paucos,
768 3826 815 3871 ex.
832 3826 863 3889 g.
880 3810 921 3873 M.
940 3809 1048 3883 Brenn,
1065 3808 1106 3870 Μ.
1123 3808 1199 3870 Plu·

108 3926 240 3985 munem,
268 3911 302 3973 F.
326 3912 471 3985 meun
499 3912 634 3987 Duorum,
663 3912 883 3987 Pnnmovnn,
911 3912 1015 3985 Dium,
1039 3910 1067 3971 J.
1089 3909 1195 3984 Wour,

111 4006 245 4084 Wrmnn,
261 4016 318 4072 eto.

145 4204 408 4272 mmmmm
