3242 4959
458 485 522 531 car.
547 486 567 529 r.
591 485 723 531 msronm
745 486 942 540 ouaasrtorus.
1228 470 1247 533 7

153 648 200 712 sic
229 666 262 713 se
287 650 417 715 hahebat
445 668 451 713 :
483 650 608 713 «Titius
637 649 754 713 habens
779 658 892 713 certam
922 665 1073 713 summam
1097 650 1246 729 pecuniae

153 749 371 830 negotiationis
398 760 506 830 expers
534 774 540 810 :
570 750 601 811 in
627 749 681 811 iiia
707 765 739 811 se
765 764 903 812 exercere
928 765 990 812 non
1015 749 1121 827 audet;
1146 767 1183 812 ne
1208 766 1245 813 ex

153 848 310 929 imperitia
334 865 424 912 suum
447 849 665 928 patrimonium
687 847 891 923 diminuatur;
915 864 971 911 nec
995 848 1108 928 reperit
1127 865 1247 912 annuos

153 962 266 1009 census
280 945 432 1026 prediates
448 946 506 1009 sihi
524 946 648 1009 idoneos
664 946 716 1025 qui
733 952 803 1008 sunt
820 945 1000 1010 vendibiles.
1015 945 1085 1009 ideo
1100 946 1247 1025 providus

153 1053 184 1108 et
199 1046 438 1125 circumspectus
453 1046 533 1108 cirea
551 1044 738 1107 substantiae
755 1060 828 1107 suae
850 1045 1110 1109 conservationem
1131 1044 1246 1108 dictam

153 1144 354 1223 quantitatem
370 1144 532 1207 committit
546 1144 621 1207 Gaio
636 1143 763 1206 honesto
784 1152 813 1205 et
836 1144 931 1222 probo
954 1144 1113 1206 mercatori
1137 1160 1191 1206 sua
1213 1144 1246 1205 in

153 1241 307 1304 industria
323 1241 489 1321 plurimum
505 1242 595 1304 solito
613 1241 721 1305 lucrari
741 1259 748 1304 :
767 1258 857 1320 quem
873 1250 959 1321 rogat
983 1256 1016 1304 ut
1040 1258 1074 1304 ex
1098 1259 1133 1304 ea
1155 1258 1246 1322 nego-

153 1341 256 1403 tietur.
275 1340 369 1403 Gaius
383 1350 484 1403 utitem
501 1357 536 1402 ex
552 1341 643 1403 certis
661 1341 764 1403 causis
784 1357 873 1403 suum
894 1342 1032 1404 animum
1054 1342 1248 1405 moventibus

153 1439 264 1501 notens
279 1455 348 1501 eum
363 1449 519 1519 acceptare
535 1440 572 1501 ad
590 1439 707 1502 tucrum
724 1438 806 1501 etad
822 1439 979 1513 damnum,
997 1441 1162 1519 paciscitur
1176 1456 1246 1504 cum

153 1538 235 1600 Titio
251 1545 284 1599 ut
298 1538 421 1619 capitati
438 1538 521 1599 salvo
534 1538 664 1617 accipiat
679 1553 733 1617 pro
746 1538 885 1617 portione
901 1538 976 1601 lucri
989 1539 1036 1602 sui
1050 1539 1136 1617 curius
1147 1555 1245 1619 quan-

153 1636 228 1697 titas
243 1636 357 1698 incerta
372 1645 418 1698 est
433 1636 562 1698 florenos
577 1636 783 1715 quinque'pro
800 1636 932 1715 singuiis
946 1648 1079 1700 centum.
1094 1636 1141 1700 Fit
1153 1636 1246 1700 etiam

155 1734 315 1796 conventio
331 1742 363 1795 ut
376 1734 497 1813 utrique
512 1734 753 1796 contrahentium
778 1733 907 1796 liberum
930 1735 969 1797 sit
989 1735 1072 1798 hunc
1093 1735 1247 1798 societatis

156 1843 344 1898 contractum
360 1833 525 1897 dissolvere
541 1849 609 1897 cum
625 1834 771 1913 placuerit.
791 1851 797 1895 :
817 1834 981 1896 dummodo
997 1852 1076 1897 unus
1091 1835 1129 1898 ab
1151 1835 1248 1898 altero

156 1933 268 1995 certior
282 1948 374 2011 super
392 1932 449 1996 hoc
472 1932 523 1995 fiat
544 1933 576 1993 in
597 1941 704 2011 quarta
726 1932 842 1994 anni.»
864 1933 1010 2006 Quamvis
1032 1933 1069 1996 de
1090 1950 1180 1996 casus
1203 1934 1246 1997 ita

155 2029 249 2109 positi
277 2029 406 2092 iiceitate
428 2030 553 2091 maximi
576 2028 714 2092 doctores
737 2038 808 2092 tunc
831 2032 1047 2101 consentirent,
1070 2038 1103 2092 ut
1123 2030 1244 2095 Gabriel

157 2128 235 2198 Biei,
252 2129 389 2208 Angelus
404 2129 441 2193 de
457 2129 606 2203 Ctavasio‚
621 2130 742 2199 licitus,
758 2130 863 2207 Major,
879 2131 1050 2208 caietanus,
1068 2131 1181 2209 aliique
1197 2132 1247 2207 (t),

157 2225 260 2288 medio
287 2237 387 2289 tamen
414 2227 535 2290 saecuto
560 2227 638 2296 xvi,
663 2227 700 2290 de
722 2233 880 2289 contractu
905 2228 998 2302 trioo,
1022 2236 1055 2290 ut
1077 2227 1244 2303 dir-ebatur,
1292 2262 1295 2269 ·

157 2325 239 2387 sicut
259 2334 288 2386 et
310 2324 346 2387 de
370 2340 462 2387 censu
478 2325 631 2405 personati
655 2333 684 2388 et
703 2326 845 2405 utrinque
867 2326 1044 2402 redimibiii,
1069 2327 1168 2390 adhuc
1189 2328 1249 2391 sui)

155 2422 257 2502 judice
274 2422 311 2485 iis
327 2426 413 2500 erati
432 2426 451 2501 t.

201 2524 300 2585 Usura
328 2530 429 2585 autem
455 2524 571 2586 crimen
596 2524 764 2588 habebatur
788 2524 971 2599 nefandum
997 2541 1050 2585 nee
1071 2524 1243 2603 principia,

159 2611 272 2700 quihus
287 2621 324 2684 de
340 2622 393 2684 iiia
409 2622 606 2691 statuebatur.
620 2640 756 2703 oopoom
768 2621 925 2703 ittteuspue
936 2624 969 2684 io
981 2622 1146 2685 discrimen
1157 2629 1251 2686 erunt

158 2726 276 2784 vocate.
288 2722 413 2785 Errures
425 2730 525 2784 tamen
539 2722 697 2802 irrepsisse
706 2724 871 2803 practicus,
881 2733 910 2785 et
922 2739 1011 2801 saepe
1024 2722 1113 2803 longe
1128 2723 1249 2803 iateque

160 2818 355 2899 pervulgatos
381 2836 457 2894 esse,
484 2836 545 2881 non
567 2830 610 2882 est
637 2836 691 2883 cur
712 2820 908 2896 diffiteamur3
936 2836 1040 2882 terum
1067 2821 1191 2885 omnino
1213 2822 1249 2886 id

160 2918 367 2982 annotandum
385 2919 513 2981 velimus
531 2936 538 2981 :
556 2936 641 2992 usuS,
659 2919 710 2998 qui
727 2919 801 2981 oiim
818 2919 856 2981 alt
872 2919 1013 2982 omnihus
1032 2920 1077 2981 vel
1094 2936 1112 2983 a
1127 2920 1243 2998 multis,

158 3016 224 3094 jnre
254 3016 299 3079 vei
331 3032 502 3097 perperam,
531 3018 594 3095 jam
624 3032 733 3080 usurae
762 3017 997 3092 damnabantur,
1026 3017 1111 3096 juxta
1140 3020 1249 3083 eadem

160 3115 311 3195 principia
333 3116 480 3194 primaria
502 3115 746 3193 dijudicabantur
761 3118 807 3193 (a).
833 3117 944 3180 Acrius
967 3117 1071 3196 utique
1092 3134 1245 3181 nonnum-

192 3400 226 3459 (ii
244 3397 281 3454 cf.
297 3400 334 3452 Le
352 3404 503 3453 contractus
520 3403 689 3465 permodicus
708 3399 809 3464 (Revue
828 3401 965 3454 d’itt'stot're
980 3402 1184 3467 ecclesiastieae,
1202 3403 1251 3466 111,

160 3479 251 3545 (teor),
266 3495 293 3546 p.
305 3480 422 3545 stt-ott,
436 3481 576 3547 speciatim
589 3495 616 3546 p,
628 3480 695 3544 916).

191 3563 226 3625 (t)
244 3561 281 3619 ct.
294 3563 374 3626 iord„
387 3577 414 3629 p.
427 3562 546 3619 etr-otu.

191 3647 226 3711 (3)
243 3647 408 3703 Recolantur
428 3661 498 3713 unae
517 3647 654 3714 disputata
673 3651 738 3703 sunt
760 3652 823 3703 ante
845 3647 898 3703 hoc
921 3650 1030 3714 tempus
1050 3648 1085 3704 de
1103 3651 1249 3705 contractu:

160 3730 294 3795 pignoris,
307 3729 341 3785 de
352 3743 434 3785 censu
454 3730 507 3786 sub
525 3732 600 3786 omni
619 3730 715 3793 torma,
728 3729 763 3786 de
773 3730 881 3785 cambio
899 3731 989 3786 omnis
1006 3731 1124 3796 generis,
1138 3730 1171 3786 de
1183 3744 1252 3786 oon*

161 3812 247 3867 tractu
261 3811 344 3873 trino,
358 3814 409 3867 ete.
423 3812 498 3867 Circa
516 3808 586 3879 ouos
604 3827 672 3867 usus
689 3812 816 3867 doctores
833 3813 946 3868 omnino
964 3812 1169 3876 dissentiebant,
1183 3812 1253 3869 lieet

161 3894 347 3951 consentirent
369 3894 404 3951 de
427 3894 612 3951 fundamentis
635 3895 791 3957 solutionis.
815 3894 851 3951 de
873 3896 1017 3952 sterilitate
1040 3895 1171 3962 pecuniae
1192 3911 1252 3963 qua*

161 3975 232 4036 talis,
252 3975 287 4031 de
305 3975 516 4041 productivitate
533 3990 598 4032 vero
617 3978 729 4033 naturae
747 3977 937 4042 humanaeque
958 3975 1121 4043 industriae,
1141 3980 1194 4033 ete.
1215 3980 1252 4033 ln.

162 4058 274 4123 periodo
286 4073 350 4113 mox
362 4059 487 4125 sequenti
499 4060 581 4115 etiam
590 4058 679 4125 uuoad
693 4058 755 4114 iilos
767 4062 924 4115 contractus
935 4058 1085 4114 theoretice
1096 4073 1254 4117 consensus-

162 4138 217 4197 iere
236 4142 372 4197 unanimis
390 4141 476 4199 iactus
499 4147 554 4207 est;
579 4142 627 4199 sed
647 4146 713 4198 tune
732 4143 916 4199 controversia
937 4142 1063 4199 manebat
1081 4144 1253 4210 quibusnam

161 4223 257 4279 usibus
268 4224 398 4291 applicari
410 4227 529 4291 possent.
