3242 4959
331 465 333 470 '
435 480 500 525 cae.
518 481 549 526 u.
567 481 604 526 nr
619 481 782 528 courmcru
798 483 922 528 carnin.
1159 465 1229 532 aot.

118 643 207 708 ‘tiam
215 644 329 710 valoris
339 645 508 710 formaliter
518 662 555 709 ex
566 645 735 710 diderentia
747 647 1042 727 temporis·nasci.-
1050 647 1083 712 si
1096 647 1218 712 tertium

126 753 346 824 argumentum
370 747 479 826 prohat
507 746 635 825 aliquid,
663 746 745 826 quod
772 755 873 809 tamen
898 762 959 810 non
984 755 1031 810 est
1056 747 1217 820 intentum,

128 843 268 906 meotida
288 845 365 908 ratio
386 845 473 908 nulla
497 853 542 907 est
567 861 574 906 :
598 845 700 908 minor
720 844 775 908 illa
795 845 967 909 aestimatio
993 845 1111 917 nititur,
1135 845 1230 923 juxta.

128 941 236 1021 ipsum
251 952 404 1006 auctorem
420 946 465 1020 lt),
483 944 515 1005 in
530 943 647 1021 defectu
662 944 886 1008 aestimationis
901 943 1227 1024 (Schitzungsieltlcrl,

128 1037 164 1100 in
179 1037 298 1117 defectu
312 1040 476 1104 voluntatis
492 1039 751 1117 (Willenslehlerl,
764 1050 794 1104 ει
806 1040 928 1105 tandem
940 1042 973 1103 in
984 1041 1052 1105 idea
1063 1042 1227 1105 brevitatis,

126 1145 160 1200 ot
176 1136 402 1201 incertitudinis
416 1139 506 1213 vitae,
521 1155 609 1218 quae,
621 1147 724 1220 utpote
739 1139 895 1218 apathiam
906 1139 1042 1219 aliquam
1056 1155 1217 1220 generans,

128 1234 225 1297 etiam
240 1235 372 1313 delectus
386 1244 432 1299 εει
446 1235 604 1300 dicendus.
620 1236 778 1311 Quomodo
793 1237 965 1300 aestimatio
980 1237 1129 1302 bonorum
1141 1237 1220 1302 iutu-

130 1348 250 1410 romm,
272 1350 308 1397 ex
330 1335 444 1414 triplici
469 1345 535 1398 orta
558 1334 688 1412 delectu,
712 1338 911 1400 adimnaretur
931 1337 1077 1414 objectiva
1100 1353 1171 1400 uera
1192 1345 1223 1400 ει

120 1432 232 1510 justat
257 1434 321 1497 lmo
347 1433 428 1513 quod
453 1434 491 1497 ad
518 1434 668 1513 ejusmodi
693 1435 917 1498 aestimationis
941 1436 1055 1499 iactum
1077 1436 1226 1516 pertinet„

131 1529 375 1594 Bdhm-Bawerl
396 1531 507 1596 addere
529 1533 647 1612 cogitur
669 1550 676 1595 :
700 1533 777 1597 «liei
799 1534 990 1596 Fonotiltero
1008 1535 1064 1598 der
1081 1535 1222 1598 Vorsicht

130 1628 197 1691 und
215 1630 364 1710 Vorsorge
376 1647 447 1712 mag
458 1648 549 1712 sogar
560 1632 615 1695 das
627 1633 816 1713 Gegcntlreil,
830 1634 898 1697 eine
913 1633 1096 1716 parteiisclte
1109 1633 1227 1697 Uener-1

129 1727 300 1809 schdtzung
327 1729 486 1810 liiultigen
513 1732 646 1794 Nutzens
675 1732 741 1795 sich
774 1732 973 1795 einstellen»
1004 1735 1050 1809 (a).
1082 1732 1220 1805 Quanam

130 1826 251 1890 ratione
266 1827 389 1891 fanatici
406 1838 549 1892 vocentur
563 1831 614 1908 qui
631 1839 711 1893 recte
730 1831 833 1893 omnia
848 1831 1019 1906 aestiment,
1038 1831 1088 1892 vir
1108 1818 1220 1893 intelli·

125 1925 226 2004 gitur.
247 1961 288 1971 —
308 1926 454 2002 Tandem,
480 1928 573 2007 liquet
599 1930 731 2008 primam
756 1931 915 2004 rationem,
940 1929 1080 2009 quamvis
1104 1928 1221 1992 dicatur

132 2026 351 2106 metaphysica,
369 2025 544 2091 nuliatenus
560 2028 591 2089 in
605 2028 738 2090 essentia
753 2043 855 2091 rerum
870 2027 1004 2103 lundari,
1022 2027 1075 2090 sed
1095 2027 1220 2090 omuino

132 2123 166 2186 in
182 2124 334 2202 adjunctis
348 2124 587 2190 accidentalibus
603 2126 750 2202 locorum,
767 2136 937 2206 temporum
953 2143 987 2190 ac
1006 2142 1214 2206 personarum.

132 2223 221 2296 Quod
237 2226 431 2306 caeteroquin
451 2235 556 2290 auctor
579 2225 666 2289 lateri
688 2228 877 2290 convincitur
899 2243 968 2290 cum
992 2225 1220 2290 conclusionem

132 2323 225 2400 hujus
234 2325 403 2404 argumenti
417 2323 516 2403 quoad
526 2325 624 2388 ramas
633 2341 779 2405 personas
787 2326 953 2405 distinguat
960 2323 1057 2402 (elad
1065 2338 1219 2386 summum

130 2438 169 2486 ex
185 2422 242 2486 hac
260 2423 388 2498 ratione,
412 2424 549 2502 quaestio
572 2425 667 2487 oritur
688 2425 886 2488 occidentalis
907 2425 1049 2504 quisnam
1070 2423 1113 2486 rei
1136 2422 1219 2485 valor

132 2521 173 2582 sit
187 2521 411 2596 retribuendas,
428 2531 530 2586 utrum
546 2523 631 2586 valor
645 2539 733 2604 quem
754 2539 803 2586 res
817 2524 908 2588 habet
923 2539 992 2586 cum
1007 2522 1162 2602 recipitur,
1180 2538 1219 2584 au

131 2620 218 2684 valor
229 2636 319 2699 quem
331 2622 500 2685 habeteum
516 2622 653 2686 redditur
665 2625 711 2699 (a).
726 2624 799 2685 Post
810 2623 889 2686 hanc
903 2622 1124 2701 quaestionem,
1138 2616 1219 2683 utross

123 2719 182 2782 uis
192 2719 283 2783 modo
295 2721 439 2796 solvatur,
454 2720 551 2784 oritur
562 2721 698 2799 quaestio
710 2721 880 2782 essentialis
892 2728 993 2782 utrum
1007 2735 1113 2793 necne,
1128 2733 1219 2798 super

132 2816 223 2881 illum
235 2818 278 2881 rei
291 2819 436 2893 valorem,
446 2820 488 2880 sit
499 2818 807 2882 reddendumraloris
817 2819 995 2882 auctarium.
1006 2818 1218 2895 Quamquacs-

132 2915 260 2986 tionem,
278 2917 314 2980 de
336 2933 395 2996 quo
418 2924 536 2980 tantum
558 2918 668 2997 agitur,
687 2916 864 2980 solvendam
884 2932 950 2980 csse
972 2915 1161 2980 ostendimus
1182 2929 1219 2976 ex

133 3030 236 3078 rerum
258 3016 340 3078 vario
362 3033 431 3089 usu,
452 3016 537 3094 iuxta
559 3014 673 3077 variam
694 3014 829 3094 ipsarum
851 3022 990 3077 naturam
1015 3011 1215 3076 aestimande.

132 3113 171 3176 Et
185 3113 253 3177 ideo
269 3114 397 3177 ulterius
412 3113 618 3195 consequitur,
637 3112 792 3176 laudatum
810 3122 977 3187 auctorem,
994 3112 1046 3191 qui
1066 3120 1218 3176 caeterum

133 3213 287 3293 praeclare
312 3222 450 3277 naturam
476 3231 512 3278 ao
536 3229 625 3278 usum
652 3229 753 3277 rerum
780 3213 980 3294 investigatus
1000 3224 1046 3276 εει
1065 3228 1100 3276 ac
1122 3211 1218 3275 nitide

131 3310 283 3380 distinxit.
314 3312 416 3392 ipsum
444 3312 612 3392 problema,
640 3313 679 3376 ab
708 3311 795 3375 initio
820 3313 914 3376 totius
942 3311 1152 3392 inquisitionis
1180 3311 1218 3374 de

135 3410 390 3490 «capitaulas»,
408 3411 658 3474 irrationabiliter
679 3412 818 3491 posuisse
839 3428 893 3474 seu
914 3411 1016 3492 polius
1036 3426 1218 3490 responsum

131 3508 367 3588 praeiudicasse.
381 3509 531 3588 Supponit
546 3510 627 3572 enim
645 3509 754 3588 triplex
768 3508 882 3572 factum
897 3525 964 3572 esse
978 3506 1192 3588 explicandum
1207 3525 1214 3569 :

133 3605 166 3668 qo
180 3607 348 3672 auctarium
363 3624 398 3671 ex
413 3617 519 3670 mutuo
535 3607 783 3684 (llarlehnszins);
798 3608 831 3670 ιι
841 3607 1010 3670 auctarium
1021 3623 1058 3669 ex
1070 3606 1217 3670 locatione

122 3705 281 3782 illicimus
296 3705 346 3768 iiir
361 3705 531 3788 uerliehene
547 3707 631 3770 nicht
646 3706 825 3786 produktive
843 3705 1049 3786 Dauergiiter);
1067 3705 1099 3768 3⁰
1113 3712 1216 3768 aucta-

164 3931 198 3992 (ι)
216 3929 253 3986 Cl.
269 3931 373 3996 domem
385 3935 439 3985 und
453 3931 625 3998 Cupitolzt'tts,
639 3933 671 3998 ll,
684 3946 712 3997 p.
725 3930 774 3987 268
786 3946 808 3987 ε.

163 4005 197 4068 (i)
214 4004 251 4060 di.
263 4007 310 4070 ila,
324 4021 351 4072 p.
365 4005 423 4061 tit.

163 4079 451 4145 fflffimpffis

163 4153 312 4283 (llaelladem
325 4155 450 4221 quaestio
460 4153 514 4220 iam
526 4154 658 4220 agebatur
669 4155 782 4212 seientia
793 4154 873 4211 iledii
885 4155 953 4211 aevi.
965 4155 1002 4210 lle
1013 4154 1063 4210 ltac
1074 4153 1109 4210 cl.
1122 4167 1214 4220 supra,

125 4229 187 4291 qul
222 4242 272 4292 ,n.
304 4269 311 4283 .
