3242 4959
389 446 430 511 ol
839 465 910 510 unns
932 466 1029 511 anton.

430 627 533 707 ltaque
548 626 660 692 lactum
675 636 722 693 est
736 636 769 691 ut
784 628 817 689 in
835 627 885 691 bis
903 627 1080 707 regionibus
1101 627 1196 691 thesis
1221 627 1338 691 calvini
1360 626 1500 691 Salma-

389 726 486 807 siique
507 726 545 791 de
574 743 683 790 usurae
711 726 885 791 moderatae
912 726 1044 790 liceitate
1079 727 1112 789 in
1143 725 1366 790 confessionem
1388 728 1496 806 quasi:

388 824 597 889 universorum
613 824 791 906 praesertim
804 825 1052 905 iurisperitorum
1067 825 1232 889 devenerit.
1257 826 1292 889 ln
1314 825 1485 889 Germania

388 924 569 987 nominatim
584 923 615 987 id
637 924 785 991 evenisse.
803 924 966 1003 probatum
987 935 1035 987 est
1055 940 1073 987 a
1093 925 1129 986 ll.
1152 923 1403 998 Binum-Bauerb
1425 923 1485 1003 qui

389 1029 474 1085 notat
493 1038 500 1083 :
521 1021 590 1084 «im
615 1020 707 1085 baule
727 1021 781 1085 des
803 1021 843 1085 l8
857 1022 1078 1085 labrbunderts
1100 1021 1178 1084 wind
1200 1021 1245 1084 sie
1266 1020 1373 1097 (thesis
1393 1022 1493 1098 baec)-

389 1118 511 1183 endlicb
525 1118 665 1198 allmiilig
679 1118 732 1183 der
748 1120 946 1184 Controverse
961 1119 1127 1183 entrirclrt»
1145 1121 1193 1195 (a).

429 1218 534 1296 Neque
547 1217 580 1279 in
594 1217 706 1299 Augila
720 1218 810 1281 aliter
824 1234 873 1281 res
888 1234 921 1281 se
937 1218 1069 1281 habebat
1085 1234 1092 1280 :
1113 1218 1212 1279 «blan
1227 1216 1385 1280 discutient
1399 1218 1480 1294 (sae-

389 1315 467 1379 culis
491 1316 573 1379 xvll
599 1324 629 1380 et
653 1317 761 1393 xvlllt
787 1316 843 1379 mit
864 1332 1001 1397 grossem
1027 1315 1111 1379 Eiler
1136 1315 1198 1379 und
1223 1315 1256 1377 in
1286 1314 1483 1378 zablreioben

389 1413 540 1478 Schriften
555 1415 630 1479 iiber
645 1414 693 1479 die
709 1415 793 1479 Hdbe
810 1415 864 1477 dor
882 1414 1004 1488 diesen,
1027 1414 1101 1478 iiber
1121 1413 1185 1475 ibre
1200 1413 1276 1476 Vor·
1292 1413 1355 1476 und
1377 1413 1479 1493 Nacb·¹

387 1515 490 1591 thella,
514 1515 589 1580 iiber
610 1516 667 1579 das
687 1515 840 1579 Passende
858 1514 932 1578 oder
947 1512 1147 1593 Unpassende
1169 1514 1254 1576 einer
1275 1512 1480 1593 gesetzlicben

388 1615 624 1695 Bescbriinkung
649 1614 821 1687 derselben‚
845 1616 918 1679 aber
942 1630 1015 1677 man
1039 1614 1164 1677 beriibrt
1188 1629 1246 1676 nur
1267 1614 1347 1676 noch
1367 1612 1475 1686 selten,

296 1706 297 1713 '
387 1714 450 1778 und
466 1715 548 1779 daun
567 1714 761 1793 gewbbnlich
779 1731 839 1777 nur
854 1731 931 1795 ganz
947 1714 1083 1794 lliicbtig.
1108 1713 1157 1777 die
1179 1715 1275 1793 Frage
1296 1712 1373 1776 naclr
1394 1713 1495 1775 ibrer-

387 1814 656 1879 wirtscbaitlicbeu
672 1816 779 1888 Noton,
798 1816 877 1879 nacb
897 1816 979 1878 ibren
993 1813 1143 1878 Herkunlt
1157 1814 1220 1877 und
1243 1814 1325 1877 ibren
1346 1815 1478 1877 Gereeb·

388 1912 520 1992 tiglcit»
539 1914 585 1990 (a).
603 1913 700 1987 Quam
721 1914 907 1977 tendentiam
929 1914 1074 1976 scientiae
1095 1913 1233 1993 anglicae
1253 1911 1386 1976 referunt
1408 1929 1478 1992 spe-

388 2009 490 2073 ciatim
511 2011 585 2074 loun
609 2014 716 2086 Locus,
738 2012 830 2075 lanus
854 2013 997 2086 Saeuam,
1020 2014 1122 2075 liunus
1136 2022 1166 2076 ct
1183 2014 1332 2075 annmn.
1351 2012 1496 2092 insuper·

390 2108 422 2170 in
444 2108 549 2172 eadem
571 2110 707 2189 periodo.
732 2127 767 2174 ao
788 2110 896 2173 eadem
922 2110 954 2172 in
976 2111 1099 2190 anglia,
1124 2110 1209 2191 origo
1235 2110 1408 2189 quaerenda
1433 2119 1496 2173 est.

391 2207 522 2271 theoriae
538 2209 743 2272 oeconomicae
758 2225 836 2288 quae
856 2207 1026 2271 brevnonem
1043 2208 1175 2271 laborem
1189 2217 1222 2272 ut
1237 2208 1352 2272 iontem
1365 2209 1493 2272 valoris-

391 2309 514 2369 unicum
529 2306 661 2380 exhibet,
675 2314 705 2369 ct
717 2323 793 2386 quae
806 2308 980 2371 socialismo
992 2307 1139 2370 hodierno
1151 2307 1271 2386 plenius
1286 2308 1405 2370 evoluta
1420 2316 1476 2370 est.

429 2407 464 2467 ln
479 2406 578 2469 Gallia
595 2406 698 2479 etiam,
716 2415 836 2486 praeter
851 2407 1015 2486 specialem
1030 2405 1068 2468 de
1085 2407 1214 2469 liceitete
1229 2422 1339 2469 usurae
1356 2413 1477 2469 contro·

388 2505 529 2580 versiam,
552 2503 630 2567 aliae
649 2506 844 2583 quaestiones
863 2507 1067 2569 oeconomioao
1086 2506 1201 2568 moveri
1223 2516 1391 2584 coeperunt.
1409 2507 1476 2568 Nou

388 2604 488 2666 solum
505 2618 574 2666 mon
590 2611 660 2665 nata
675 2612 721 2666 est
736 2604 841 2667 schola
858 2603 1151 2683 «physiocratismi»
1166 2606 1201 2681 (a)
1213 2619 1291 2682 quae
1306 2611 1339 2666 ut
1353 2604 1477 2666 unicum

378 2701 597 2783 productionis
623 2701 781 2776 factorem,
805 2712 839 2766 ut
862 2704 977 2777 dicunt,
1002 2709 1150 2765 naturam
1173 2702 1399 2782 praetendebat.
1423 2702 1476 2766 sed

389 2800 492 2873 etiam,
520 2800 596 2863 duce
620 2802 749 2875 Tonsor,
767 2802 842 2865 baec
856 2802 1002 2881 agebatur
1028 2801 1123 2863 thesis
1148 2800 1284 2863 :melius
1309 2817 1342 2863 se
1366 2801 1491 2864 babere·

390 2900 575 2971 societatem,
594 2901 620 2962 si
636 2900 793 2979 legislator
808 2901 845 2963 de
860 2916 953 2963 usura
964 2901 1139 2963 nullatenus
1154 2907 1249 2973 curet,
1263 2907 1400 2963 ettotam
1412 2916 1477 2963 rem

390 2997 610 3076 paciscentium
625 2998 772 3060 voluntati
788 2999 952 3077 relinquat.
975 2999 1058 3072 Qtrae
1073 2998 1170 3061 thesis
1183 2998 1221 3061 do
1238 2996 1334 3078 «lege
1348 2998 1478 3077 quaesiti

391 3106 420 3160 et
434 3096 528 3161 oblati
543 3120 571 3172 n,
585 3106 730 3176 tanquam
742 3098 856 3160 bouum
868 3098 1081 3177 patrimoniolo
1093 3097 1131 3160 ad
1142 3097 1325 3161 hodiernum
1338 3099 1479 3161 transivit

391 3195 625 3259 liberalismum.
653 3197 715 3258 Nec
741 3206 843 3258 tamen
872 3197 992 3260 saeculo
1021 3198 1119 3260 XVlll
1149 3196 1339 3276 legislatione
1368 3198 1479 3278 gallica

391 3295 506 3357 sancita
521 3302 577 3368 est,
595 3294 647 3357 sed
664 3311 700 3357 ex
715 3294 763 3357 bis
779 3293 1037 3374 disputationibus
1052 3296 1090 3358 ad
1106 3312 1261 3359 summunt
1278 3297 1418 3359 ellectum
1432 3303 1479 3359 est

391 3402 435 3467 ut,
455 3394 508 3456 lut
523 3392 588 3457 Oct.
607 3394 698 3468 1189,
724 3394 957 3458 constitutionis
982 3403 1089 3469 cletus,
1115 3396 1208 3457 veteri
1227 3395 1295 3473 iuro
1318 3396 1474 3475 abrogato,

391 3490 493 3554 loenus
508 3490 546 3553 ad
562 3492 581 3553 5
596 3494 631 3569 ⁰l0
646 3491 812 3554 universim
830 3492 921 3554 licere
936 3492 1192 3556 determinaverit.

433 3589 742 3668 transmoverent,
756 3591 884 3670 losepbo
897 3591 924 3653 ll
939 3591 1120 3671 imperante,
1135 3592 1230 3654 thesis
1241 3590 1306 3662 illa,
1318 3608 1354 3653 eu
1365 3590 1477 3672 anglia

424 3801 459 3861 tt)
474 3800 556 3865 loto..
572 3816 598 3867 p.
611 3799 654 3855 li.

424 3882 459 3937 til
475 3882 557 3941 Ibin..
571 3895 597 3946 p.
612 3880 645 3935 19
657 3895 680 3936 s.

424 3962 458 4025 (31
475 3963 513 4018 be
531 3962 584 4017 boo
601 3964 747 4029 systemate
765 3964 946 4027 oeconomico,
964 3962 999 4019 ol.
1016 3965 1040 4020 l.
1057 3964 1201 4022 maon.
1217 3964 1340 4016 Histoire
1357 3967 1404 4017 des
1420 3966 1479 4017 doe·

393 4047 477 4098 trium
488 4046 678 4111 economiques,
691 4046 719 4099 pe
730 4044 784 4107 ed„
799 4060 826 4111 p.
840 4045 958 4100 lli-ilii.
972 4046 1057 4107 Puris.
1070 4046 1178 4107 lutose,
1192 4044 1266 4101 leot.

425 4127 458 4191 (l)
475 4128 512 4183 lle
536 4128 649 4183 historia
673 4128 756 4194 hujus
777 4129 981 4185 controversiae
999 4134 1027 4183 et
1047 4128 1226 4194 legislationis
1248 4131 1278 4180 tn
1296 4129 1420 4193 dustria,
1440 4126 1476 4184 cl.

393 4210 441 4265 Tu.
455 4210 529 4274 Rutu,
554 4211 638 4263 Ueber
655 4212 804 4264 Zinrtoxcn
823 4214 877 4263 und
895 4211 1121 4277 lv’nelrarqesetae,
1140 4223 1169 4275 p.
1181 4209 1281 4265 obruo.
1295 4210 1384 4274 wien,
1396 4210 1489 4265 Bruti·-
