3242 4959
415 409 480 474 994
781 428 855 474 uras
868 428 1086 478 tarantasmum
1099 429 1135 474 rr.
1182 451 1187 459 ·

418 589 616 672 profundiora
630 589 695 654 sim
706 588 905 670 inquirenda
921 599 1025 654 utrum
1041 590 1125 656 valor
1138 591 1281 656 utilitatis
1294 588 1502 656 aestimandus

416 688 647 770 sit-objectione,
664 707 704 754 an
719 691 846 771 insuper
868 691 914 756 vel
928 699 1054 756 tautum
1076 691 1261 771 subjecti-uns
1281 698 1311 756 et
1336 689 1501 757 allectivus.

415 789 554 862 sufficiat
567 789 619 853 hic
632 797 754 856 notasse
768 790 903 854 valorem
918 791 962 854 rai
982 791 1230 856 commutabilem
1252 806 1314 854 nou
1328 790 1429 870 plene,
1450 804 1504 852 nec

418 888 600 963 necessario,
618 904 688 954 cum
703 888 806 952 valore
822 905 896 954 usus
911 889 949 954 ad
966 891 1125 970 aequalem
1140 904 1315 954 mensuram
1331 887 1501 952 conuenire.

415 987 506 1064 Quod
520 987 584 1065 jann
598 987 714 1054 notauit
731 987 831 1052 Adam
853 990 953 1053 Smitlr
975 1006 982 1053 :
1003 989 1214 1054 «nescisses
1235 988 1289 1067 qui
1309 996 1365 1052 ont
1386 987 1415 1050 la
1436 987 1503 1066 plus

417 1085 533 1166 grande
548 1086 708 1150 valeur.en
730 1103 823 1165 usage
847 1086 931 1150 n'uut
955 1104 1014 1167 que
1035 1104 1094 1168 peu
1115 1104 1155 1151 ou
1177 1087 1265 1168 point
1286 1086 1323 1150 da
1342 1087 1447 1153 valeur
1466 1101 1503 1148 θη
1591 1128 1592 1169 3

417 1184 568 1265 achangc;
586 1193 626 1258 et,
644 1201 682 1248 au
695 1186 856 1260 contraire,
874 1187 966 1250 celles
980 1188 1034 1267 qui
1054 1196 1106 1251 ont
1128 1186 1157 1250 la
1178 1187 1249 1266 plus
1269 1183 1386 1263 mande
1404 1185 1504 1248 valeur

415 1298 457 1344 θη
471 1281 616 1362 echange,
634 1283 717 1346 n’ont
732 1292 860 1349 souvent
874 1301 933 1364 que
948 1302 1007 1366 peu
1021 1301 1060 1348 ou
1075 1285 1162 1366 point
1176 1285 1214 1348 de
1226 1285 1330 1350 ualeur
1344 1301 1385 1348 eu
1399 1299 1501 1363 usage.
1591 1334 1592 1337 ,

418 1381 443 1446 ll
460 1380 507 1460 n’y
522 1398 539 1443 a
555 1381 620 1444 rien
635 1381 673 1445 de
688 1382 757 1462 plus
772 1383 847 1446 utile
862 1400 921 1463 que
937 1383 1029 1461 l’eau;
1048 1384 1127 1447 mais
1140 1383 1199 1448 elle
1219 1398 1257 1446 rte
1281 1392 1353 1463 peut
1376 1397 1504 1464 presque
1591 1408 1592 1429 t

416 1480 636 1554 monachalem
652 1479 671 1542 la
687 1480 775 1559 peine
789 1497 807 1560 y
823 1482 909 1544 a-t·il
925 1497 1033 1560 moyen
1048 1481 1085 1546 de
1107 1482 1174 1546 rien
1195 1481 1280 1545 avoir
1300 1498 1340 1544 en
1360 1481 1501 1560 echangc.
1591 1486 1592 1493 ’

417 1580 468 1644 lin
484 1579 634 1652 diamant,
655 1594 694 1642 au
715 1579 876 1651 contraire,
894 1579 941 1644 n’a
963 1596 1092 1660 presque
1113 1597 1230 1652 aucune
1251 1580 1357 1645 valaur
1377 1575 1502 1660 quanta
1591 1614 1592 1643 ;

420 1677 546 1757 l’usage,
562 1676 641 1740 mais
657 1692 697 1739 un
712 1684 851 1742 trouvera
866 1677 1090 1756 freuuemment
1104 1677 1121 1742 a
1137 1678 1309 1760 l’echangrr
1323 1689 1428 1744 contre
1448 1693 1503 1741 une

418 1774 481 1840 tres
495 1775 610 1856 grande
625 1775 762 1855 quantite'
776 1775 909 1840 d'autres
923 1778 1181 1842 marchandises»
1198 1781 1244 1855 (r).

462 1874 526 1947 Quo
556 1873 753 1937 fundamento
782 1876 893 1955 posito,
924 1876 1116 1956 inquiramus
1145 1875 1329 1957 quibusnam
1358 1877 1450 1941 rebus
1477 1882 1504 1937 et

418 1989 553 2054 quonam
575 1973 631 2037 sulr
653 1984 790 2054 respectu
813 1976 896 2040 notio
918 1976 1059 2056 capitalis
1080 1975 1249 2057 productivi
1271 1976 1453 2056 applicetur,
1477 1982 1503 2037 et

417 2072 605 2154 quibusnam
620 2073 766 2154 applicari
782 2083 923 2154 nequeat.
1591 2066 1592 2073 '

833 2329 1055 2395 ARTICULUS
1078 2330 1101 2392 1.

801 2493 859 2542 DE
893 2492 1133 2542 PECUNIA.

465 2670 497 2732 l⁰
512 2669 668 2750 Imprimis
693 2686 729 2732 cx
751 2670 895 2732 omnibus
916 2686 993 2748 quae
1015 2671 1172 2749 hucusque
1194 2669 1408 2746 disseruimus,
1429 2675 1506 2751 patet
1591 2750 1592 2753 Ἴ

415 2769 584 2850 pecuniam
599 2784 659 2846 qua
675 2767 777 2842 talem,
795 2768 834 2832 ad
850 2769 1106 2835 commutationes,
1117 2769 1342 2844 inservientem,
1363 2786 1427 2838 non
1445 2783 1506 2832 esse

420 2867 551 2948 capitale
567 2885 576 2930 z
593 2883 648 2930 nec
662 2875 781 2946 oportet
797 2877 830 2930 ut
844 2867 902 2930 hoc
916 2867 1026 2931 iterum
1041 2868 1247 2932 confirmetur.
1266 2869 1403 2948 Capitale
1426 2883 1505 2932 occc-

421 2972 486 3041 tur‚
517 2965 545 3027 si
561 2965 684 3045 .placet;
709 2981 822 3028 wuerum
851 2975 991 3030 careatur
1020 2983 1058 3030 ne
1087 2967 1178 3030 simul
1206 2967 1369 3047 principia,
1401 2968 1506 3048 unibus

424 3064 571 3145 pecuniae
586 3073 615 3126 et
626 3064 768 3144 capitalis
783 3081 858 3127 usus
872 3073 1004 3145 regatur,
1019 3080 1145 3144 prorsus
1159 3065 1410 3144 permisceantur.
1425 3061 1505 3139 Quod

421 3163 450 3238 si
466 3163 681 3241 iterumatqua
697 3161 807 3224 iterum
822 3163 1004 3236 inculcatur,
1022 3162 1173 3242 praesenti
1190 3162 1306 3225 trilruas
1326 3159 1503 3243 quaestioni.

423 3260 477 3323 ubi
504 3260 650 3324 vocabula
676 3269 718 3322 et
731 3260 883 3323 abstracta
908 3261 1052 3338 figmenta
1076 3257 1241 3323 hodiedum
1267 3267 1351 3324 tanta
1379 3258 1506 3324 efficacia

415 3361 561 3440 praedita
576 3360 750 3426 videanturt
767 3361 893 3424 Asserto
915 3360 957 3422 ila
978 3359 1089 3439 posito,
1112 3368 1241 3439 negatur
1260 3376 1334 3422 sane
1359 3369 1507 3423 nnuman

423 3458 631 3522 iunrlamentis
651 3457 901 3534 mercantilismi;
918 3465 1046 3537 negatur
1064 3458 1156 3520 etiam
1177 3473 1288 3520 corum.
1298 3465 1442 3536 systema,
1458 3451 1505 3534 qui
1591 3498 1592 3501 ,

422 3557 562 3622 omnium
577 3571 678 3618 rerum
694 3555 959 3636 productiuitatem
975 3564 1004 3618 el
1019 3555 1182 3635 qualitates
1194 3556 1226 3618 in
1238 3557 1401 3636 pecuniam
1417 3565 1507 3620 trans

340 3649 342 3654 ’
421 3657 539 3732 ferunt;
567 3663 695 3735 negatur
719 3656 781 3718 imo
808 3654 923 3734 opinio,
948 3670 1008 3733 qua
1033 3671 1169 3733 uuquam
1198 3655 1345 3733 pecuniae
1370 3655 1431 3735 ipsi
1450 3665 1517 3732 qua.

423 3755 571 3836 pecuniae
586 3753 724 3818 formalis
739 3753 959 3833 productivitas
975 3753 1066 3815 tribui
1082 3753 1190 3832 possit.

467 3855 510 3918 lle
530 3853 779 3933 pecuniaagitur
803 3869 863 3931 qua
884 3852 1025 3931 pecunia,
1048 3859 1077 3914 et
1102 3852 1225 3931 quidem
1246 3851 1278 3912 in
1300 3860 1448 3931 quantum
1472 3844 1506 3910 ad

424 3953 679 4022 commutationes
700 3950 827 4014 inseruit
849 3950 894 4012 uel
916 3949 955 4012 ad
984 3950 1107 4013 easdem
1137 3965 1192 4029 pro
1221 3949 1310 4014 libitu
1337 3945 1506 4032 recipientis

419 4181 421 4187 ⁸
463 4162 498 4225 (l)
515 4163 643 4222 illatura
656 4163 836 4227 Lruannronr,
849 4176 891 4226 op.
904 4176 938 4226 c,
952 4175 979 4226 p.
992 4160 1033 4217 36.
1048 4125 1051 4131 ¹
