3242 4959
450 450 514 495 aar.
540 449 560 493 r.
584 447 715 494 ursaonm
737 446 931 501 ouaasrtoms.
1192 434 1232 497 15

140 611 301 675 eminebat
322 618 355 673 ut
376 609 424 673 viu
447 609 528 673 ullus
549 618 611 673 tam
634 609 709 673 bene
731 625 823 689 quam
845 610 910 689 ipse
932 609 969 673 de
989 628 1086 673 arara
1108 614 1234 678 meritus

146 710 296 772 rideatur.
314 709 417 772 Primo
439 709 549 772 intuitu
565 717 593 771 ot
609 709 698 771 unico
717 724 824 787 gressu
839 709 878 771 ad
894 709 1047 773 cardinem
1063 711 1107 774 rei
1123 728 1233 793 prope·

146 824 232 883 rans,
251 806 334 870 amni
349 815 459 869 conatu
480 822 599 886 semper
621 805 806 880 intendebat,
831 815 865 868 ut
885 806 966 885 quod
984 808 1102 887 priores
1123 827 1235 875 usurae

146 909 326 973 defensores
347 907 469 970 nonnisi
485 906 710 970 delineaverant
731 907 821 986 plena
837 907 867 967 in
884 907 951 969 luce
972 897 1106 987 poneret,
1124 928 1233 992 nempe

138 1008 311 1089 ,pecuniam
337 1006 433 1069 locari
453 1023 558 1086 posse,
585 1023 638 1068 sea
664 1023 753 1068 marn
776 1007 929 1087 pecuniae
953 1024 1016 1069 esse
1039 1009 1232 1086 vendibilem,

150 1107 239 1171 sicuti
261 1122 350 1169 usum
374 1106 512 1169 onmium
537 1121 637 1169 rerum
661 1105 880 1169 faecundarum
902 1109 948 1183 (a).
972 1108 1058 1181 Quod
1081 1109 1236 1174 doctrinae

149 1214 307 1285 punctum,
323 1206 532 1279 mussitaret
544 1214 658 1284 postea,
671 1205 761 1268 cardo
774 1205 991 1285 disputationis
1002 1219 1048 1271 est
1059 1208 1233 1272 dicendum.

166 1296 168 1305 ’
192 1303 365 1367 Notandum
394 1303 519 1383 insuper
548 1304 731 1367 saimasium
765 1305 899 1388 primum
928 1304 1024 1369 luisse
1054 1307 1105 1387 qui
1135 1307 1236 1372 loenus

150 1407 263 1470 liberae
285 1405 526 1469 contrabentium
550 1404 695 1467 voluntati
718 1404 981 1467 determinandum
996 1414 1087 1485 atque
1108 1409 1234 1487 permit·

146 1505 277 1569 tendum
303 1504 501 1583 liberamque,
529 1510 563 1565 ut
591 1503 706 1575 dicunt,
737 1504 980 1566 concurrentiam
1006 1504 1165 1568 tradiderit
1186 1508 1234 1583 (e),

151 1605 410 1686 ottemadmodum
431 1604 469 1666 ad
493 1604 583 1665 lmem
606 1605 784 1683 praesertim
808 1604 920 1667 saeculi
946 1605 1042 1667 xvttt
1063 1605 1095 1667 iu
1118 1606 1237 1685 praxim

145 1706 316 1769 deductum
332 1702 401 1768 luit.

194 1805 298 1883 Atqui,
315 1804 375 1867 diro
397 1803 471 1865 baec
493 1802 624 1865 theoriae
643 1809 754 1882 puncta
775 1802 945 1876 statuendo,
964 1802 1005 1866 ita
1026 1802 1186 1882 principiis
1205 1803 1238 1865 in

153 1904 280 1966 scientia
293 1902 423 1981 iuridiaa
434 1902 563 1980 receptis
579 1900 759 1976 contraibat,
775 1909 808 1962 ut
824 1900 992 1963 Salmasius
1008 1901 1235 1975 nonneminem,

153 2001 245 2064 etiam
268 2001 345 2063 inter
364 2000 563 2067 calvinianos,
586 1999 797 2079 imprimisque
817 2000 918 2079 ipsum
945 2000 1163 2081 llloppenburg
1184 2000 1239 2063 ad-

155 2100 322 2161 versarium
338 2108 445 2161 nactus
460 2098 510 2159 sit.
526 2098 635 2160 Contra
658 2113 734 2177 quos
755 2097 852 2159 multa
873 2114 976 2179 opera,
997 2099 1035 2161 ab
1057 2115 1136 2162 anuo
1159 2100 1253 2167 1638,

148 2196 193 2261 ad
209 2198 303 2260 lerme
326 2198 417 2270 1646,
435 2205 499 2259 tum
521 2197 644 2259 nomine
663 2196 799 2276 proprio,
817 2206 882 2258 tum
906 2196 1085 2276 pierumque
1109 2198 1240 2275 pseudo·

151 2294 557 2376 nymoAleaioablessaiia,
568 2294 706 2391 Lugduni
717 2294 1239 2376 Batavorumedita,conscripsit(3).

189 2544 223 2605 (1)
240 2544 332 2598 Fatus
356 2540 406 2605 (Le
428 2544 488 2606 pret
510 2544 527 2594 ti
549 2542 647 2594 iale'rit
670 2545 737 2594 dans
760 2543 907 2595 l'attcienne
930 2544 1046 2607 Franee,
1072 2557 1099 2608 p.
1125 2540 1243 2607 tlt-titt

150 2625 279 2681 ‘salmasii
301 2638 383 2690 opera
403 2637 497 2679 severe
516 2622 627 2688 iudicat,
649 2626 677 2679 et
695 2623 757 2689 iure
777 2626 876 2680 merito
896 2644 902 2679 :
923 2625 971 2679 «le
990 2626 1190 2681 raisonnement
1208 2625 1243 2682 de

131 2734 134 2739 ·
157 2707 326 2763 Saumaise...
339 2706 458 2760 consiste
475 2703 489 2759 b
506 2705 565 2760 nier
582 2709 726 2770 purement
742 2708 769 2760 et
786 2705 959 2771 simplement
972 2706 1011 2761 ies
1023 2705 1183 2762 differenoes
1194 2708 1242 2773 oui

151 2791 277 2846 existent
296 2791 374 2843 entre
394 2786 533 2854 plusieurs
552 2790 673 2843 contrata
696 2802 766 2852 pour
786 2786 904 2842 affirmer
923 2788 1031 2843 ensuite
1051 2788 1111 2844 leur
1131 2788 1245 2845 identitd

157 2872 281 2927 absolue.
302 2870 455 2936 dependant
473 2869 512 2924 les
530 2868 690 2924 diderenees
711 2868 881 2933 demeurent,
903 2873 931 2925 et
950 2871 1087 2926 Saumaise
1106 2871 1147 2925 n'a
1168 2872 1245 2937 point

161 2953 253 3009 resolu
266 2950 290 3005 la
303 2950 434 3006 diffleulte
445 2964 516 3016 pour
529 2950 568 3005 les
580 2950 661 3005 nien»
673 2952 709 3013 (p.
723 2950 789 3011 151).

194 3034 228 3096 (i)
245 3032 319 3094 Inde,
332 3031 422 3097 ouoad
435 3031 621 3097 quaestionem
634 3031 826 3086 banneriorum
838 3030 866 3084 in
878 3030 1027 3095 bollandia,
1039 3036 1133 3089 censet
1148 3032 1248 3089 melius

154 3130 222 3172 -esse
242 3115 335 3181 plures
355 3116 384 3169 in
404 3116 512 3169 civitate
532 3116 624 3168 extare
645 3112 822 3169 faeneratores
842 3133 847 3168 :
867 3133 883 3160 «
896 3114 919 3169 si
941 3115 1034 3180 plures
1055 3115 1153 3180 forent,
1176 3116 1248 3171 inter

155 3210 258 3255 omnes
276 3198 321 3253 hie
337 3202 467 3263 ouaestus
485 3196 662 3262 divideretur,
682 3198 729 3265 oui
743 3200 826 3254 unius
838 3202 901 3253 est»
913 3198 1080 3263 (Satunsrus,
1093 3200 1135 3252 De
1147 3203 1247 3264 araris,

196 3362 230 3425 (3)
247 3362 356 3417 Praeter
373 3374 444 3426 opus
462 3360 584 3424 attatum,
602 3359 676 3426 ouod
694 3361 908 3416 controversiam
926 3362 1098 3427 excitaverat,
1116 3362 1248 3429 scripsit:

162 3446 205 3497 De
223 3448 300 3498 taeda
318 3458 465 3497 usurarum
477 3444 560 3496 Liber
571 3442 669 3509 (1639),
683 3446 884 3497 -De'ssertatt'o
896 3447 928 3497 de
939 3444 1041 3508 fanore
1057 3449 1211 3509 trapezitieo
1223 3449 1251 3498 itt

159 3532 220 3579 tres
241 3526 321 3579 libros
341 3528 426 3579 diuisa
446 3524 542 3591 tt6t0);
553 3526 720 3579 —Diotrt'ba
737 3529 770 3579 de
788 3532 888 3589 nautae,
907 3540 959 3579 aaa
977 3540 1034 3580 esse
1050 3529 1251 3582 alienationem.

163 3608 301 3661 Adversas
321 3610 483 3673 mortanum
501 3611 643 3673 quemdam
659 3609 727 3671 iaris
747 3610 891 3661 doctorem.
904 3609 1023 3663 Auctore
1040 3610 1142 3664 Atexto
1154 3609 1252 3664 abtas-

160 3703 252 3753 sama,
266 3690 380 3744 Domino
392 3688 427 3745 de
438 3692 531 3744 saneto
543 3690 620 3754 Lupo
631 3688 913 3753 (idida—Responsio
925 3691 961 3741 ad
972 3690 1122 3755 Epistotarn
1138 3691 1252 3745 Joanm's

140 3794 142 3798 v
169 3772 373 3839 Ctoppentarptt
383 3771 479 3836 (talou
492 3799 525 3808 —
537 3773 634 3825 Brevis
652 3771 797 3835 confutatio
815 3776 942 3823 notorum
959 3775 988 3824 ia
1005 3775 1113 3825 dissert.
1133 3776 1166 3826 de
1188 3775 1254 3827 Tra-

162 3856 260 3919 pezitr‘s
288 3855 389 3907 larvati
417 3856 533 3921 ejusdem
567 3854 690 3919 Tbeotopr'
714 3851 808 3917 (1611)).
841 3852 1035 3919 llloppenburg
1064 3868 1170 3920 nempe,
1200 3855 1252 3909 etsi

165 3934 329 3991 Salmasium
347 3936 436 4001 primo
454 3935 486 3990 ad
505 3935 680 3991 scribendum
699 3938 829 4001 rogasset,
850 3935 910 4001 ejus
930 3937 1091 3991 sententiam
1112 3937 1253 4003 impugna-

166 4022 252 4082 verat,
272 4019 377 4074 scilioet
399 4018 534 4084 imprimis
557 4018 678 4083 Epistola
700 4016 733 4072 ad
755 4017 925 4083 salmasium,
951 4033 1032 4084 quam
1056 4016 1179 4074 ediderat
1201 4034 1255 4075 una
1326 4010 1328 4013 ’

164 4114 232 4156 aum
244 4114 328 4167 opere
345 4100 500 4165 Tbeatapa'ca
517 4103 648 4152 institutio
666 4102 698 4153 de
716 4102 817 4161 usuris,
833 4103 929 4155 eontra
941 4099 1016 4167 quod
1028 4114 1099 4166 opus
1111 4099 1258 4157 Salmasius

165 4183 318 4248 scripserat
341 4184 565 4236 Dr'ssertaltbaem
587 4185 619 4235 de
643 4181 744 4246 soeaore
767 4186 938 4247 trapezitam·
961 4181 1026 4238 dein
1046 4182 1156 4239 duobus
1178 4198 1260 4249 opus·
