3242 4959
456 464 520 510 can.
537 464 571 510 u.
588 464 626 510 uu
640 465 803 514 conrmcvu
819 468 944 514 mentm.
1183 454 1249 520 aba

154 635 244 690 tuans
266 644 283 692 a
309 628 456 694 lucrando
481 646 536 710 per
557 632 791 712 negotiationem
815 632 946 696 aliamve
966 633 1048 696 viam
1069 635 1160 700 modo
1175 653 1245 717 ·po·

153 726 244 790 sitivo
269 727 334 790 sire
359 726 472 806 iniusto
498 729 561 794 sive
583 729 665 807 justo
695 730 890 811 prohibeatur
915 747 951 795 ac
975 732 1170 812 impediatur.
1199 737 1244 800 lta

153 841 210 892 nec
233 827 398 906 requiritur
419 836 453 892 ut
473 844 492 890 a
513 828 659 894 lucrando
681 845 800 894 cessare
821 830 895 894 velit
915 839 1034 896 tantum
1055 832 1094 896 ad
1116 834 1246 899 alterius

152 940 259 1005 preces
284 943 291 988 :
316 927 427 989 etenim
454 925 699 993 ‹dretturattcui
718 945 838 992 cessare
861 929 1017 1007 lucrum...
1038 931 1161 1010 quando
1175 932 1245 1013 ipse

151 1040 186 1088 se
209 1025 319 1104 privat,
347 1026 411 1087 sive
434 1025 464 1088 id
488 1025 581 1090 iaciat
601 1035 729 1106 sponte,v
742 1027 805 1089 sive
825 1026 864 1091 ad
886 1043 991 1108 preces
1005 1029 1132 1094 alterius
1154 1032 1243 1097 :hoc

152 1122 236 1185 enim
264 1130 310 1186 est
328 1123 425 1202 pretio
444 1124 651 1202 aestimabile;
676 1125 756 1190 siout
780 1125 805 1187 si
829 1126 899 1202 quis
924 1142 973 1188 me
998 1137 1095 1208 roget,
1123 1138 1157 1192 ut
1181 1147 1245 1196 non

152 1219 302 1294 laborem,
319 1221 365 1284 vel
389 1230 422 1282 ut
442 1221 645 1286 iustrumenta
663 1224 739 1286 artis
754 1239 840 1286 meae
861 1223 920 1302 ipsi
943 1226 1145 1301 commodem,
1171 1245 1242 1308 pos-
1363 1217 1371 1226 ⁴

153 1335 223 1383 sum
243 1320 357 1399 pacisci
379 1319 417 1384 de
440 1320 524 1385 lucro
545 1332 683 1387 cessante
706 1340 715 1384 z
739 1339 801 1386 non
823 1323 904 1386 enim
927 1331 1031 1388 terrem
1052 1342 1101 1390 me
1123 1327 1246 1407 privare

152 1434 222 1483 meo
243 1419 449 1484 emolumento
471 1421 595 1499 gratis»
613 1424 658 1499 (ι).
681 1422 767 1486 Unde
789 1438 851 1485 non
872 1420 965 1486 refert
985 1433 1088 1487 utrum
1111 1427 1245 1492 creditor

153 1520 193 1583 ad
207 1521 409 1585 mutuandum
424 1533 559 1602 rogetur,
576 1539 616 1586 an
635 1531 743 1603 sponte
758 1539 791 1586 se
806 1523 911 1586 otlerat
929 1541 936 1588 :
954 1531 984 1587 et
998 1526 1075 1589 ratio
1089 1527 1124 1589 in
1137 1527 1242 1609 hacre

145 1618 393 1682 ·iundamentalis
424 1627 480 1693 est,
514 1621 618 1700 «quia
646 1621 816 1702 aequalitas
840 1630 1012 1686 contractus
1040 1624 1246 1692 nullomodo

148 1716 265 1798 pendet
278 1734 315 1782 er
334 1717 465 1791 eoquod
481 1726 510 1782 te
529 1719 638 1782 oderas
661 1721 706 1783 vel
730 1736 792 1783 non
812 1720 934 1796 oderas,
957 1721 1011 1786 sed
1030 1723 1129 1787 solum
1149 1741 1188 1788 ea
1207 1741 1244 1788 eo

153 1815 235 1897 qood
257 1816 377 1880 luorum
399 1833 504 1880 roomo
526 1817 582 1880 tibi
606 1824 697 1882 cesset
718 1835 757 1880 cs
775 1825 912 1882 mutuo»
930 1822 978 1899 (a).
1001 1822 1115 1896 Quodsi
1134 1823 1243 1888 eadem

153 1916 231 1980 ratio
256 1931 329 1995 prae
353 1915 452 1979 oculis
476 1915 634 1992 habeatur,
657 1915 732 1996 quid
754 1915 963 1994 adjustitiam
988 1927 1159 1984 contractus
1182 1920 1242 1984 im·

153 2022 264 2096 portat,
282 2014 363 2094 quod
379 2014 448 2095 quis
462 2015 550 2078 malit
567 2024 706 2079 mutuare
727 2030 797 2078 cum
821 2025 907 2095 pacto
929 2016 993 2079 sire
1013 2016 1156 2097 explicito
1178 2019 1246 2083 sive

153 2123 350 2194 praesumpto
380 2114 455 2177 lucri
485 2115 644 2189 cessantis,
675 2130 768 2194 quam
796 2115 1032 2195 negotiationem
1062 2116 1244 2182 lucrativam

153 2215 311 2276 exerceret
325 2213 400 2276 Cum
415 2213 497 2276 enim
512 2220 686 2276 contractus
706 2213 886 2292 objectivam
907 2213 1120 2292 aequalitatem
1142 2217 1242 2281 iuclu-

152 2312 224 2377 derc
244 2321 443 2392 supponatur,
461 2312 557 2376 animi
573 2313 758 2376 intentiones
772 2329 808 2376 ac
822 2313 947 2377 allectus
961 2311 1000 2376 ad
1013 2313 1164 2391 iustitiam
1179 2333 1242 2381 non

153 2420 300 2492 spectant.
319 2411 400 2476 Olim
416 2428 489 2476 saue
504 2427 649 2492 quaerere
664 2413 803 2477 solebant
818 2420 919 2476 utrum
930 2429 969 2476 ec
979 2412 1149 2476 intentione
1160 2414 1243 2478 tuom

187 2639 222 2700 (ll
239 2639 276 2695 cl.
290 2653 324 2693 uu
336 2639 421 2703 bueo,
435 2642 455 2694 t.
468 2655 502 2704 a,
515 2653 543 2695 n.
556 2637 599 2696 83.

187 2722 222 2784 (2)
239 2721 277 2778 Gl.
289 2724 336 2784 to..
356 2736 383 2777 n.
402 2721 461 2785 l0ll.
480 2723 528 2778 ubi
548 2722 650 2779 videsis
669 2725 794 2778 auctores
817 2721 936 2778 faventes
957 2721 1022 2778 huic
1040 2722 1192 2778 sententiae
1210 2735 1246 2778 ac

154 2805 321 2870 contrariom
336 2805 365 2860 it.
379 2804 497 2866 bassaus,
512 2807 531 2859 t.
544 2820 578 2868 a,
591 2819 619 2860 ιι.
632 2803 690 2859 101.
703 2805 800 2860 -Neo
817 2807 912 2860 contra
928 2803 1080 2861 doctrinam
1097 2818 1178 2871 quam
1197 2804 1246 2863 laic

154 2887 345 2952 proponimus,
358 2885 531 2953 allegandum
546 2893 588 2943 est
605 2886 731 2953 adagium
750 2886 937 2952 theologicum
950 2905 957 2941 ι
971 2900 1039 2942 «res
1050 2886 1125 2942 ultro
1136 2887 1247 2944 oblatae

153 2969 322 3026 vilescunt».
342 2969 419 3034 Quod
437 2970 563 3036 sequenti
581 2969 663 3024 modo
682 2972 724 3024 est
743 2968 962 3035 intelligendum,
975 2972 1007 3024 ut
1025 2972 1102 3024 notat
1118 2969 1242 3035 Manum,

154 3050 244 3118 quoad
257 3050 620 3116 emptionem-venditionem
640 3069 646 3106 :
662 3050 798 3106 «emendo
812 3063 866 3113 res,
879 3051 982 3117 quibus
992 3050 1121 3106 venditor
1131 3046 1245 3116 propter<

154 3137 296 3200 spectatam
308 3149 386 3188 auam
397 3137 542 3188 totalitatem
557 3147 587 3190 se
604 3134 721 3190 liberare
738 3147 903 3201 magnopere
920 3133 1066 3199 desiderat,
1078 3137 1167 3190 emtor
1178 3147 1241 3190 ven-

155 3221 239 3277 ditori
251 3223 370 3287 praestat
381 3220 511 3284 officium,
524 3220 597 3287 quod
617 3221 707 3287 pretio
726 3220 863 3277 aestimari
877 3223 980 3286 potest;
1000 3222 1145 3285 propterea
1157 3218 1245 3285 igitur

155 3317 200 3362 res
211 3304 286 3362 ultro
302 3302 393 3359 oblata
408 3303 524 3368 vilescit.
536 3303 611 3370 quod
630 3303 781 3360 secuudum
800 3317 947 3360 commune
963 3303 1113 3358 ementium
1130 3305 1159 3359 et
1175 3315 1241 3358 ven-

155 3386 279 3444 dentium
297 3384 431 3451 iudicium
449 3385 525 3441 valor
543 3385 645 3442 venalis
664 3385 739 3441 illius
757 3386 796 3440 rel
815 3385 884 3441 tanti
903 3384 1160 3452 minuatur,.quauti
1171 3383 1247 3439 valet.

155 3469 328 3536 obsequium,
342 3466 417 3534 quod
435 3466 562 3523 venditor
579 3468 632 3524 sibi
651 3468 782 3535 praestari
801 3466 871 3533 petit
888 3468 923 3523 ab
940 3471 1055 3530 emtore.
1068 3467 1116 3533 qui
1128 3465 1160 3520 ad
1173 3465 1243 3521 illud

155 3547 348 3614 praestandum
371 3547 528 3605 nullatenus
550 3549 711 3615 obligatur»
734 3549 787 3612 (De
802 3552 919 3615 justitio,
941 3549 974 3612 11.
996 3563 1024 3603 n.
1046 3546 1104 3612 189,
1126 3544 1242 3625 9.,311).

154 3631 255 3688 Eodem
267 3644 332 3688 sane
344 3631 427 3687 modo
438 3631 521 3687 statui
539 3636 633 3698 posset
650 3633 685 3688 de
702 3633 819 3698 pecunia
831 3635 929 3688 mutuo
940 3631 1040 3687 oblata.
1053 3632 1086 3685 ht
1097 3629 1247 3686 vixconoi·

154 3717 268 3780 peretur
280 3714 309 3769 tn
321 3716 418 3769 mutuo
429 3715 552 3778 sommia
572 3713 617 3770 illa
635 3713 740 3770 utilitas
757 3714 932 3778 mutuatoris,
952 3726 1023 3780 quae
1038 3711 1243 3768 consisteretin

154 3796 302 3854 evitatione
317 3794 434 3860 alieuius
451 3794 553 3860 damni,
566 3795 610 3852 vel
629 3795 657 3850 in
675 3795 869 3862 probabilitate
886 3794 966 3858 lucri,
984 3795 1095 3849 utmnde
1109 3807 1190 3859 mmm
1206 3806 1242 3846 ec

155 3884 246 3933 mutuo
258 3877 379 3934 oriundi.
393 3877 520 3942 Quamvis
538 3876 630 3934 lorsan
649 3878 700 3934 hoo
719 3878 866 3935 usuvenire
884 3877 971 3944 possit
989 3878 1018 3932 in
1033 3879 1130 3932 mutuo
1147 3874 1241 3942 aliquo

155 3959 304 4026 singulari,
329 3961 448 4015 attamen
471 3958 596 4014 ultronea
614 3959 704 4014 mutui
723 3958 840 4023 oblatio,
865 3957 1025 4024 praesertim
1036 3959 1075 4031 ul
1092 3954 1245 4012 hodiedum

155 4041 196 4108 ttt,
209 4040 367 4097 nullatenus
377 4041 528 4107 generatim
541 4039 657 4096 includit
668 4054 700 4096 ac
711 4041 843 4106 supponit
854 4041 994 4106 spectatam
1007 4038 1152 4094 creditoris
1169 4037 1244 4093 utili·

156 4127 240 4181 tatem
258 4138 328 4190 quae
347 4124 428 4190 pretii
445 4123 628 4179 diminutione
644 4127 877 4191 compensaretur.
891 4121 966 4178 Unde
976 4121 1102 4188 adagium
1114 4119 1249 4178 afferatur

157 4220 213 4262 non
228 4209 312 4274 prout
323 4209 411 4271 sonet,
424 4203 472 4262 sed
484 4207 568 4271 prout
579 4205 677 4262 valeat.
