3242 4959
329 469 330 473 ¹
397 444 418 507 2
844 464 916 508 rans
938 463 1034 509 11111.

399 634 448 689 111
476 634 605 705 oportet,
631 632 675 701 ut,
703 626 793 704 quale
823 625 967 689 scientiae
995 627 1166 701 conveniat,
1191 626 1342 705 iudicium
1371 625 1491 690 teratur

398 735 469 815 tum·
479 725 517 788 do
528 725 663 788 doctrina
679 725 901 804 theologorum,
918 731 982 787 tum
1001 724 1037 788 de
1053 724 1191 788 doctrina
1205 741 1366 805 supremae
1380 732 1490 789 aucto·

398 826 497 889 nitatis
521 823 744 887 ecclesiasticae
763 838 820 902 per
842 823 923 886 idem
945 831 1065 902 tempus
1088 824 1254 903 proposita.
1283 823 1488 903 Progredien-

399 925 480 988 tlbus
505 924 587 985 enim
613 920 703 984 nobis
723 930 831 1001 sponte
853 921 973 985 obviam
995 930 1093 993 erunt,
1119 922 1150 983 in
1169 938 1224 985 suo
1245 922 1488 1002 uniuscujusque

398 1026 500 1089 medio
514 1023 671 1097 historico,
685 1022 845 1101 Encyclica
859 1022 1014 1087 Benedicti
1026 1024 1095 1086 xlv
1107 1024 1165 1086 Vix
1171 1026 1313 1105 peruenit
1322 1034 1351 1089 et
1360 1027 1488 1089 Decreta

398 1140 524 1188 romana
539 1124 611 1185 Nou
626 1139 688 1185 esse
702 1121 930 1202 inquietandos.
948 1122 1031 1195 Quae
1042 1121 1161 1185 videtur
1176 1124 1225 1186 via
1240 1140 1366 1203 prorsus
1384 1125 1487 1188 scieu-

399 1223 491 1293 11111,
520 1238 579 1300 qua
605 1221 643 1284 ad
674 1236 774 1284 reram
800 1229 830 1283 et
857 1220 1037 1299 objectivam
1067 1222 1104 1285 de
1133 1223 1304 1286 evolutione
1333 1224 1486 1287 Ecclesiae

399 1319 559 1383 doctrinali
576 1320 768 1393 sententiam,
786 1319 902 1398 absque
917 1319 1019 1383 studio
1035 1320 1167 1400 partium
1182 1329 1210 1383 et
1226 1322 1311 1384 nulla
1329 1322 1485 1401 praejudi-

399 1428 465 1483 cata
484 1420 639 1499 opinione,
657 1419 844 1482 deveniatur.

441 1523 479 1585 Et
496 1521 575 1591 ideo,
593 1520 631 1583 ad
648 1520 836 1599 quaestionis
848 1531 1018 1600 respectum
1034 1521 1238 1601 theologicum
1253 1532 1283 1585 et
1303 1523 1485 1586 catholicum

399 1621 475 1683 haec
493 1619 718 1682 dissertationis
739 1635 811 1699 pars
833 1620 917 1698 prior
937 1620 1044 1683 intime
1060 1617 1175 1698 spectat
1197 1638 1204 1683 :
1226 1620 1354 1701 proinde
1374 1637 1435 1684 non
1453 1630 1486 1684 ut

399 1734 482 1782 mere
511 1717 730 1781 introductoria
759 1718 975 1797 praemittitur,
1003 1718 1057 1781 sed
1086 1727 1119 1781 ut
1144 1735 1213 1782 vere
1241 1721 1384 1783 materiae
1413 1722 1487 1783 inte

399 1832 494 1896 grans
515 1816 654 1879 traditur.
679 1817 806 1893 insuper
828 1832 987 1895 speramus
1004 1815 1069 1879 lore
1092 1825 1125 1878 ut
1146 1833 1258 1880 munus
1277 1833 1337 1880 non
1356 1818 1486 1881 otiosum

400 1929 456 1976 nec
471 1914 625 1993 ingratum
646 1914 898 1993 praestiterimus,
916 1915 942 1976 si
968 1930 1022 1993 per
1043 1915 1164 1978 saecula
1186 1924 1215 1978 et
1236 1917 1376 1996 regiones
1398 1917 1486 1979 itine-

400 2020 513 2080 rantes.
542 2028 644 2092 opera,
672 2020 821 2091 quotquot
850 2014 983 2092 reperire
1009 2013 1139 2088 licuerit,
1168 2014 1204 2077 de
1230 2014 1287 2077 bac
1312 2015 1487 2094 quaestione

401 2111 572 2190 conscripta
588 2111 803 2173 notaverimus.

810 2376 1084 2440 INTRODUCTIO.

483 2534 680 2597 Conspectus
696 2534 863 2587 doctrinae
880 2534 971 2587 eirca
987 2533 1124 2586 medium
1140 2536 1305 2587 saeculum
1321 2537 1407 2587 XVI.

444 2736 545 2799 lndea
559 2736 680 2799 concilii
691 2736 875 2799 Viennensis
886 2737 1073 2815 temporibus
1084 2737 1185 2813 ll3ll)
1198 2752 1293 2815 usque
1305 2736 1343 2799 ad
1356 2736 1490 2799 medium

402 2837 558 2899 saeculum
573 2836 652 2910 llll,
667 2836 771 2898 nullus
786 2861 798 2893 1
814 2852 923 2898 usuras
937 2851 1075 2899 exercere
1087 2852 1149 2897 non
1160 2852 1226 2898 esse
1241 2843 1397 2914 peccatum
1410 2838 1445 2913 (1)
1460 2858 1487 2909 s,

436 3051 470 3113 (1)
488 3050 553 3106 dum
566 3049 707 3105 decretum
718 3050 879 3114 viennense,
890 3053 1061 3116 assumptum
1072 3051 1100 3105 in
1112 3051 1341 3104 clementinorum
1353 3050 1372 3105 1.
1383 3051 1413 3113 V,
1423 3050 1492 3106 1115

404 3132 448 3197 (de
459 3133 570 3197 usurus),
584 3148 608 3188 c.
623 3134 696 3188 unic.
711 3134 755 3190 (ac
771 3133 870 3199 quavi),
884 3147 977 3188 111111
995 3133 1148 3188 doctrinam
1166 3131 1241 3187 illius
1259 3132 1364 3198 periodi
1384 3132 1491 3194 referat.

404 3214 494 3280 quoad
515 3215 689 3280 praecipuam
707 3217 813 3280 partem
832 3215 893 3269 heic
913 3216 1086 3270 submittitur
1106 3233 1112 3268 :
1132 3228 1222 3269 «sane
1239 3214 1262 3269 si
1282 3215 1345 3280 quis
1366 3215 1393 3269 in
1415 3214 1493 3270 illum

405 3310 529 3352 errorem
547 3295 685 3359 inciderit,
699 3298 730 3351 ut
741 3296 917 3361 pertinaciter
928 3297 1062 3351 affirmare
1081 3300 1244 3361 praesumat,
1257 3309 1384 3351 exercere
1396 3310 1494 3352 usuras

406 3392 462 3433 non
484 3391 545 3433 esse
568 3384 719 3444 peceatum,
740 3377 914 3434 decernimus
935 3392 998 3433 eum
1018 3378 1092 3433 velut
1113 3378 1280 3434 haereticum
1298 3378 1492 3443 puniendum:

406 3460 532 3515 locorum
551 3459 731 3514 nihilominus
751 3459 898 3515 ordinariis
915 3462 942 3515 et
959 3460 1110 3515 haereticae
1128 3461 1269 3526 pravitatis
1285 3460 1495 3526 inquisitoribus

407 3540 750 3607 districtiusinjungentes,
758 3545 892 3598 utcontra
901 3541 1335 3608 eosquosdeerrorebujusmodi
1344 3541 1496 3597 diffamatos

404 3624 562 3697 ‘invenerint
579 3627 626 3679 aut
644 3627 795 3689 suspectos,
814 3627 943 3690 tanquam
961 3626 1055 3679 contra
1071 3622 1224 3678 diffamatos
1241 3624 1283 3679 vel
1302 3626 1445 3689 suspectos
1463 3624 1497 3679 de

408 3707 514 3762 haeresi
527 3705 675 3772 procedere
692 3720 747 3760 non
766 3707 902 3761 omittant.
912 3722 928 3751 »
939 3733 972 3741 -
983 3706 1139 3771 inspicienti
1158 3707 1210 3761 boc
1221 3705 1362 3761 decretum
1374 3710 1402 3761 et
1414 3706 1495 3762 simul

408 3788 560 3845 conterenti
572 3787 725 3843 doctrinam
737 3790 862 3844 omnium
874 3792 940 3843 tuno
956 3802 1139 3853 communem,
1153 3791 1259 3843 constat
1270 3789 1299 3842 1ο
1310 3788 1413 3845 directe
1424 3788 1497 3843 dam·

410 3871 469 3925 nari
482 3885 538 3926 non
548 3870 665 3926 abusum
677 3871 828 3935 practicum
840 3884 949 3935 usurae,
960 3870 1007 3925 sed
1017 3883 1139 3925 errorem
1151 3868 1330 3925 doctrinalem
1341 3871 1411 3925 11111
1425 3870 1497 3927 licei·

411 3955 494 4009 tatem
510 3966 624 4018 usurae;
642 3952 671 4007 10
683 3953 805 4008 damnari
824 3967 947 4009 errorem
963 3952 1042 4007 illum
1060 3955 1142 4018 prout
1159 3952 1236 4017 juxta
1253 3952 1405 4008 doctrinam
1423 3953 1497 4008 illius

410 4036 543 4100 temporis
555 4036 591 4090 sit
602 4033 805 4101 intelligendus,
818 4034 896 4090 idest
910 4034 1031 4089 damnari
1045 4037 1180 4089 assertum
1189 4047 1245 4100 quo
1255 4038 1382 4089 mutuum
1391 4038 1498 4098 quodvis

410 4130 460 4180 per
479 4131 507 4169 sc
527 4116 690 4172 lucrativum
708 4129 769 4172 esse
787 4117 883 4181 possit.
902 4116 1102 4181 Interpretatio,
1120 4114 1199 4181 juxta
1216 4128 1299 4181 quam
1318 4118 1445 4182 ageretur
1464 4116 1498 4171 de

413 4194 522 4252 faenore
533 4200 640 4252 tantum
652 4200 794 4262 excessivo,
807 4197 948 4253 evidenter
960 4200 1092 4263 repugnat
1108 4195 1198 4252 medio
1211 4195 1343 4253 historico
1357 4216 1363 4252 :
1376 4198 1497 4262 ubinam,
