3242 4959
422 474 486 519 cor.
503 473 525 519 ι.
543 473 663 520 omnmo
678 475 753 529 onan
767 473 948 521 onrouuron.
1167 455 1236 522 2352

136 633 338 698 substantiali
360 634 503 700 frumenti
526 636 726 713 aestimando,
747 645 783 700 ut
803 637 917 701 dictum
939 644 985 700 est
1006 636 1108 713 modo,
1129 638 1228 718 respi-

137 732 279 798 ciendum
305 735 416 798 estad
442 735 604 800 utilitatem
630 735 740 800 virium
767 736 954 800 naturalium
975 752 1054 817 quae
1073 735 1226 801 frumento

136 833 254 910 insunt,
282 843 312 896 et
337 833 449 913 quibus
475 833 514 898 ad
540 833 736 899 nutriendum
762 835 808 898 vel
831 835 870 898 ad
892 834 1053 899 'serendum
1079 835 1229 900 inseruire

135 940 238 1013 potest
265 949 272 995 :
300 932 339 995 ad
363 933 517 1013 quodnam
542 933 627 997 aliud
652 935 853 1014 respiceretur
872 942 906 998 ut
930 935 1016 998 valor
1040 934 1227 999 substantiae

135 1032 325 1106 aestimetur,
343 1048 412 1096 curn
428 1032 505 1096 nibil
520 1033 605 1096 aliud
621 1033 697 1098 inibi
713 1033 756 1096 sit
775 1033 985 1097 aestimabile?
1000 1035 1079 1114 Ergo
1100 1031 1226 1096 omnino

136 1131 301 1196 dicendum
324 1131 442 1195 videtur
464 1148 533 1195 eum
554 1132 607 1212 qui
631 1130 772 1195 venderet
793 1148 882 1194 usum
905 1133 947 1195 roi
974 1132 1065 1196 talem
1091 1147 1151 1212 quo
1177 1146 1226 1194 res

135 1240 345 1306 consumatur,
372 1229 502 1295 vendere
529 1239 627 1294 totum
652 1247 743 1292 usum
768 1231 885 1294 uirium
910 1231 1143 1305 aestimabilem,
1170 1246 1225 1293 seu

135 1329 236 1411 ipsam
257 1329 301 1391 rei
326 1329 538 1393 substantiam.
558 1329 644 1394 Unde
666 1330 692 1392 si
715 1329 806 1392 vellet
828 1329 956 1393 vendere
975 1329 1177 1394 substantiam
1196 1338 1226 1392 et

135 1428 266 1491 seorsim
280 1443 369 1491 usum
386 1428 509 1491 illarum
525 1428 646 1504 virium,
668 1443 774 1491 rursus
799 1427 968 1492 «tenderet
988 1427 1070 1493 idem
1091 1426 1150 1502 bis,
1176 1427 1224 1491 vel

135 1525 278 1590 venderet
294 1525 375 1605 quod
391 1541 451 1588 non
466 1536 511 1590 est
525 1548 552 1586 n.
1228 1587 1232 1594 .

177 1624 215 1686 Et
226 1623 269 1686 ita
280 1623 378 1686 elucet
388 1623 546 1686 universas
558 1639 606 1686 res
618 1623 717 1704 primo
729 1640 786 1686 usu
798 1624 1061 1704 consumptibiles,
1074 1630 1227 1703 quatenus

135 1721 236 1802 primo
252 1738 309 1784 usu
325 1727 556 1787 consumuntur.
569 1738 635 1784 esse
648 1721 767 1784 steriles
778 1738 814 1812 ac
830 1721 1033 1798 inloeoondas,
1047 1722 1227 1802 nullamque

134 1819 264 1900 proinde
285 1819 342 1882 sub
364 1819 422 1882 lroc
443 1829 582 1900 respectu
608 1808 835 1882 distinctionem
860 1837 927 1883 esso
953 1820 1124 1885 faciendam
1144 1821 1226 1883 inter

135 1918 191 1981 illa
206 1926 236 1981 et
250 1919 422 1998 pecuniam.
804 1907 806 1915 '

178 2133 210 2195 2⁰
230 2133 313 2207 Quae
333 2133 384 2196 lric
405 2133 442 2196 de
464 2133 623 2196 sterilitate
644 2133 687 2195 rei
710 2134 809 2214 primo
832 2150 888 2196 usu
909 2132 1159 2212 consumptibilis
1179 2133 1228 2196 di-

136 2239 256 2307 cuntur,
274 2249 312 2296 no
327 2232 369 2293 ita
384 2231 594 2311 intelligantur
607 2229 696 2311 quasi
712 2247 772 2306 res,
788 2231 947 2307 coniuncta
962 2231 1024 2293 imo
1039 2246 1227 2293 concurrens

136 2331 235 2394 labori
249 2331 436 2410 possessoris
450 2331 548 2411 ipsius
570 2330 614 2393 vel
637 2331 762 2393 alterius
783 2329 907 2392 nomine
929 2329 1126 2409 possessoris,
1143 2329 1222 2391 nibil

136 2428 225 2502 lucri,
242 2436 361 2508 praeter
382 2429 515 2491 valorem
538 2428 734 2503 substantiae,
757 2428 928 2509 possessori
951 2426 1086 2507 prolerre
1112 2427 1220 2506 possit.

29 2541 30 2546 ’
135 2527 256 2590 Etenim
272 2527 393 2600 iterum,
408 2527 464 2590 sub
479 2526 536 2590 lrao
551 2526 745 2602 lorntalitate,
759 2527 906 2607 pecuniae
921 2526 1148 2606 aequiparanda
1162 2533 1219 2602 est,

135 2626 197 2690 imo
213 2626 440 2706 praeponenda,
458 2627 565 2690 saltem
581 2627 606 2688 si
623 2627 787 2690 causalitas
803 2626 941 2689 formalis
955 2625 1132 2706 productiva
1148 2624 1230 2706 ipsi„

135 2732 207 2804 puta
222 2724 375 2788 frumento
391 2734 424 2788 ut
441 2726 564 2801 semini,
582 2725 665 2789 insit.
683 2726 720 2788 Et
741 2725 783 2788 ita
804 2725 831 2786 si
853 2725 923 2804 ouis
943 2724 1034 2787 vellet
1055 2741 1090 2787 ex
1113 2723 1220 2787 indus·

136 2823 215 2887 triali
241 2824 383 2888 societate
405 2824 609 2888 emolumenta
630 2824 751 2898 habere,
776 2823 884 2886 merito
903 2833 1006 2903 posset
1030 2823 1132 2887 socius
1153 2839 1223 2886 esse

135 2939 223 2986 verus
239 2939 273 2987 ac
288 2932 405 3002 partem
421 2923 497 2987 lucri
512 2938 567 3003 pro
583 2931 647 2984 rata
668 2923 834 3003 percipere,
852 2922 916 2984 sive
937 2938 993 3001 pro
1013 2921 1132 2986 vicibus
1154 2922 1223 2985 suis

135 3021 248 3087 tribuat
275 3030 389 3086 tantam
419 3022 596 3102 pecuniam,
626 3021 690 3083 sive
718 3021 877 3101 aequalem
906 3021 1039 3101 valorem
1074 3020 1219 3084 materiae

135 3120 251 3199 primae
266 3120 310 3183 vel
335 3120 486 3184 seminum
507 3119 699 3200 productioni
721 3119 984 3182 insumendorum.
1008 3117 1095 3192 Quod
1118 3126 1222 3182 mmen

136 3233 195 3281 non
224 3218 333 3298 probat
360 3218 424 3281 sive
451 3219 623 3298 pecuniam,
651 3218 714 3281 sive
739 3225 856 3280 caetera
885 3234 942 3280 usu
971 3217 1220 3297 consumptibilis

136 3331 224 3379 usum
238 3317 349 3380 habere
364 3316 460 3396 pretio
482 3315 704 3380 aestimabilem
725 3324 844 3396 praeter
862 3332 952 3378 rosum
973 3314 1219 3390 substantialem,

137 3414 166 3477 id
181 3422 237 3490 est,
255 3430 316 3477 non
337 3415 445 3494 probat
465 3414 570 3477 eadem
597 3431 663 3477 esse
680 3431 739 3495 per
759 3431 801 3488 se,
824 3414 939 3492 absque
961 3413 1076 3490 labore,
1103 3413 1218 3494 absque

136 3514 280 3593 periculo,
298 3514 412 3593 absone
431 3515 629 3596 sumptuosi
651 3515 711 3577 alio
732 3513 820 3578 titulo
843 3514 1022 3589 extrinseco,
1047 3514 1167 3578 lucrosa
1189 3521 1220 3576 ct

137 3615 273 3695 capitale.

175 3714 207 3777 3⁰
223 3715 374 3789 Attamen,
392 3714 470 3777 sicut
484 3714 625 3794 pecunia,
642 3714 684 3776 ita
699 3721 817 3777 caetera
833 3713 1008 3791 hujusmodi
1023 3728 1078 3792 per
1092 3727 1124 3774 se
1144 3725 1216 3790 pos·

138 3820 217 3888 sunt,
240 3811 355 3892 absque
375 3812 464 3876 titulo
485 3812 594 3892 quovis
615 3812 794 3886 extrinseco,
812 3811 957 3874 lucrativa
981 3809 1045 3872 lieri
1062 3826 1070 3871 :
1088 3807 1216 3884 seilicet,

138 3910 162 3972 si
175 3909 397 3974 concreduntur
412 3911 450 3974 ad
468 3927 556 3974 usum
573 3909 711 3990 quemvis
726 3909 764 3972 ab
779 3926 835 3972 usu
852 3908 1045 3972 substantiali
1060 3905 1216 3986 separabi-

139 4008 206 4085 lem,
220 4017 250 4074 et
263 4010 360 4090 pretio
376 4009 609 4074 aestimabilem.
622 4007 660 4074 m
672 4009 730 4072 lroo
740 4014 785 4071 est
796 4007 1099 4085 fundamentumque
1112 3999 1233 4067 nititur

139 4109 295 4184 sententia,
309 4108 494 4173 amodernis
505 4107 597 4171 etiam
608 4107 752 4180 admissa,
766 4106 882 4180 vinum,
895 4121 942 4168 ex.
955 4121 1001 4185 g„
1014 4102 1218 4190 commodato,
