3242 4959
410 435 477 498 ,272
782 452 854 497 rans
869 450 991 498 aurem.
1009 453 1087 498 secr.
1105 455 1139 499 ιι.

416 616 493 680 uelis
504 616 583 696 J'uste
599 617 722 691 lucrari,
740 617 793 680 sed
810 626 927 683 tautum
943 618 1112 682 deliberare
1127 618 1164 683 de
1179 619 1310 700 pecunia
1320 619 1359 684 ad
1371 621 1508 700 negotia·

417 717 530 780 tionem
544 717 738 797 applicanda,
754 733 795 779 an
810 733 918 796 posses
932 717 1049 798 aliquid
1065 719 1098 781 in
1109 728 1232 799 pactum
1242 718 1405 782 deducere.
1417 719 1505 794 Quod

415 815 586 894 quaesitum
615 815 665 880 bic
691 816 870 894 praesertim
896 826 1026 896 ponatur
1050 816 1090 880 ad
1114 816 1265 897 principia
1293 817 1504 898 intelligenda.

415 914 497 979 Olim
512 915 664 996 agendum
680 925 744 980 erat
760 915 797 979 de
813 918 986 998 propinqua
1000 919 1203 998 possibilitate
1222 935 1275 982 seu
1296 919 1333 982 de
1353 919 1505 1000 probabili

414 1015 573 1079 occasione
594 1015 755 1094 pecuniam
776 1015 975 1095 negotiationi
994 1016 1182 1098 applicandi,
1199 1025 1229 1080 ct
1248 1033 1309 1081 uon
1325 1025 1458 1094 lautum,
1474 1026 1508 1083 ut

413 1129 505 1188 nunc,
523 1112 561 1176 dc
576 1112 788 1192 probabilitate
804 1130 841 1176 ex
855 1116 1072 1194 negotiatione,
1087 1117 1118 1179 in
1130 1133 1191 1196 qua
1202 1117 1331 1196 pecunia
1347 1116 1506 1180 moraliter

414 1220 494 1275 certo
523 1212 595 1291 poni
622 1220 730 1292 potest,
756 1212 979 1276 lucrilaciendi.
1007 1215 1111 1294 Atqui,
1141 1214 1387 1295 probabilitatem
1413 1216 1507 1279 talem

413 1310 592 1388 objectivam
609 1311 781 1375 inveniendi
797 1313 1056 1393 opportunitatem
1073 1314 1149 1378 lucri
1171 1330 1227 1394 pro
1248 1323 1311 1378 rata
1333 1315 1505 1395 probabili·

414 1409 484 1473 tatis
509 1409 769 1489 compensabilem
794 1426 861 1474 esse
890 1411 1067 1474 asserebant
1094 1412 1203 1475 merito
1231 1419 1371 1474 auctores
1396 1415 1450 1490 l1l;
1477 1421 1507 1476 et

413 1508 519 1572 eodem
535 1508 625 1572 modo
640 1507 816 1573 facultatem
831 1510 1030 1588 subjectivam
1045 1510 1082 1574 de
1096 1511 1154 1574 bac
1168 1510 1373 1590 applicatione
1388 1511 1504 1576 delibo

401 1607 500 1672 randi
527 1608 660 1688 quodam
686 1609 782 1689 pretio
812 1625 879 1672 esse
906 1609 1140 1673 aestimabilem.
1170 1609 1253 1684 Quae
1277 1624 1351 1672 sane
1377 1626 1505 1691 prorsus

412 1707 600 1772 admittenda
615 1706 766 1772 ridentur.
920 1788 922 1792 Ι

453 1806 539 1871 Unde
554 1806 688 1880 tandem,
706 1806 786 1885 quod
802 1807 910 1870 attinet
928 1806 968 1870 ad
990 1805 1126 1870 lucrandi
1150 1806 1336 1871 voluntatem
1359 1824 1501 1872 necessa·

401 1906 488 1980 ¹riam
514 1914 548 1968 nt
572 1906 605 1968 in
626 1912 730 1970 mutuo
752 1904 871 1968 lucrum
892 1921 1018 1969 cessans
1034 1904 1115 1982 iuste
1137 1915 1361 1986 compensetur,
1387 1909 1420 1969 1⁰
1440 1923 1502 1971 uon

411 2005 522 2068 sullicit
535 2004 676 2068 voluntas
690 2004 822 2083 positiva
836 2021 872 2067 ex
888 2005 1017 2085 pecunia
1032 2003 1093 2066 alio
1108 2019 1145 2066 ac
1156 2004 1254 2067 mutui
1270 2013 1428 2069 contractu
1441 2021 1502 2068 nou
1603 1996 1604 2063 3

410 2102 564 2180 lucrandi;
579 2103 611 2166 2⁰
626 2118 687 2166 non
703 2102 869 2182 requiritur
883 2102 1024 2187 voluntas
1038 2102 1179 2166 absoluta
1190 2119 1244 2166 seu
1255 2106 1360 2167 ellicax
1374 2103 1502 2167 aliunde

410 2219 501 2282 quam
514 2219 550 2266 ex
561 2210 666 2266 mutuo
679 2201 834 2276 lucrandi;
853 2203 885 2266 3⁰
897 2202 1009 2266 sullicit
1019 2216 1090 2264 vero
1101 2217 1138 2264 ac
1148 2201 1324 2281 requiritur,
1342 2218 1376 2266 eo
1392 2202 1503 2266 saltem

396 2309 564 2366 *momento
588 2316 648 2380 quo
672 2309 810 2364 mutuum
833 2300 941 2374 initur,
964 2300 1105 2363 voluntas
1125 2300 1230 2363 ellicus
1244 2299 1326 2377 juste
1348 2300 1502 2376 lucrandi,

409 2400 549 2478 quamvis
564 2397 752 2479 praeferatur
767 2407 908 2460 mutuum
923 2397 1051 2461 caeteris
1066 2397 1284 2461 contractibus.

450 2506 482 2562 2⁰
496 2500 543 2562 De
552 2498 758 2580 possibilitate
773 2496 929 2560 lucrandi.

398 2661 400 2666 .
450 2599 494 2660 lta
509 2595 709 2660 determinata
728 2594 868 2658 lucrandi
888 2596 1055 2670 voluntate,
1071 2594 1110 2657 de
1125 2594 1264 2659 lucrandi
1280 2596 1501 2676 possibilitate,
1602 2669 1603 2689 χ

408 2711 485 2774 quae
500 2693 600 2758 eidem
614 2693 762 2758 voluntati
778 2694 1046 2774 praesupponitur‚
1060 2693 1110 2755 vix
1125 2701 1171 2756 est
1186 2709 1241 2756 cur
1256 2702 1375 2774 agatur.
1389 2693 1502 2760 Omni-

407 2794 465 2859 bus
480 2793 656 2870 fateutibuS,
674 2794 756 2882 nuda
775 2810 829 2857 seu
851 2799 968 2856 remoto
985 2794 1138 2875 potentio,
1156 2804 1218 2857 tam
1240 2795 1404 2875 pecuniam
1425 2811 1502 2860 con·

406 2895 516 2958 tractui
533 2893 678 2974 frugifero
698 2893 883 2974 applicandi,
901 2908 993 2973 quam
1015 2909 1051 2956 ex
1073 2891 1180 2956 eodem
1201 2900 1356 2955 contractu
1379 2891 1502 2956 lucrum

406 2995 550 3069 faciendi,
568 3002 691 3060 nonest
708 2995 805 3074 pretio
822 2994 1039 3069 aestimabilis3
1057 3001 1191 3064 econtra,
1204 2992 1347 3073 potentia
1354 2991 1504 3074 probabi·

407 3097 445 3160 lie
459 3097 621 3177 pecuniam
636 3095 803 3159 contractui
821 3093 967 3175 lmgisero
982 3091 1176 3170 subjiciendi,
1190 3092 1296 3170 utiam
1307 3092 1425 3156 dictum
1440 3102 1500 3169 est,

406 3204 538 3275 prorata
552 3193 775 3275 probabilitatis
786 3192 1024 3271 compensabilis
1036 3191 1169 3267 videtur3
1183 3192 1363 3272 praesertim
1378 3192 1502 3257 lucrum

406 3294 565 3374 probabile
591 3309 627 3357 ex
651 3293 781 3373 pecunia
806 3291 981 3369 hujusmodi
1004 3290 1171 3354 contractui
1194 3290 1320 3354 subacta
1342 3290 1388 3354 rel
1410 3291 1501 3356 subi·
1601 3298 1602 3321 ³

406 3391 506 3471 genda
521 3391 610 3457 rendi
626 3397 735 3471 potest.

448 3490 506 3554 llic
531 3489 714 3556 attendenda
738 3490 821 3552 venit
844 3487 977 3552 secunda
1001 3487 1136 3552 conditio
1162 3503 1255 3568 supra
1280 3487 1390 3567 posita,
1411 3486 1502 3564 juxta

406 3605 498 3670 quam
517 3605 606 3652 «non
622 3588 760 3666 exigatur
781 3589 861 3652 ultra
883 3595 1007 3662 sortem,
1024 3587 1084 3650 nisi
1107 3596 1255 3667 quantum
1278 3586 1397 3650 lucrum
1419 3585 1501 3651 illud

406 3704 529 3752 cessans
545 3687 645 3751 valere
658 3695 767 3766 potest.
786 3687 846 3749 Pro
861 3701 921 3765 quo
937 3684 1069 3762 adverte,
1085 3685 1249 3766 dupliciter
1263 3700 1353 3764 posse
1376 3684 1500 3765 lucrum

405 3803 529 3852 cessans
550 3787 584 3850 in
605 3794 727 3867 pactum
750 3783 898 3848 deduci...
917 3783 1019 3847 Primo
1041 3783 1259 3860 conditionate,
1276 3784 1334 3847 boc
1353 3791 1411 3858 est,
1427 3799 1500 3847 mu-

407 3884 553 3948 tuatarius
568 3883 666 3950 solvat
680 3891 828 3962 quantum
848 3881 1033 3961 experientia
1054 3880 1220 3945 ostenderit
1241 3889 1271 3945 te
1292 3881 1497 3958 lucraturum,
1600 3938 1601 3945 ,

406 3981 543 4046 deductis
567 3981 721 4061 expensis,
749 3981 782 4044 in
801 3979 855 4043 tali
878 3979 1082 4060 negotiatione
1103 3980 1151 4042 vel
1170 3995 1227 4042 usu
1248 3978 1298 4044 cui
1319 3994 1384 4043 rem
1408 3977 1499 4042 illam

438 4205 472 4267 ll)
489 4204 526 4261 cl.
539 4220 574 4260 oa
585 4206 670 4272 bueo,
684 4207 703 4260 l.
717 4219 750 4271 e,
764 4218 791 4262 n.
805 4203 852 4270 95;
866 4204 892 4260 S.
906 4205 1073 4275 imsulsus,
1086 4205 1106 4259 l.
1119 4217 1155 4267 e..
1167 4216 1194 4258 n.
1207 4201 1266 4258 tro.
