3242 4959
458 488 521 533 cnr.
546 488 566 531 r.
591 486 723 533 msronm
739 484 939 540 ouaesrroms.
1088 524 1092 533 .
1204 466 1240 530 11

152 650 327 714 mentaliter
338 651 468 727 absolvi,
482 650 648 716 dummodo
661 666 728 713 vere
740 658 846 730 parata
856 649 897 712 sit
907 656 988 711 stare
999 647 1152 711 mandatis
1165 650 1200 725 (t)
1213 670 1241 712 ».

155 751 295 814 «Verum
321 751 392 815 lioet
412 752 504 830 buius
526 750 736 832 responsionis
758 765 863 813 rumor
882 750 998 829 passim
1020 748 1238 829 divulgaretur,

152 849 219 928 ipsa
241 858 343 912 tamen
365 850 535 930 responsio,
559 858 634 913 teste
655 857 817 913 coaetaneo
840 845 975 926 Carriere
997 848 1114 929 (alsat
1137 848 1243 926 paucis

152 956 255 1027 aperte
270 948 412 1023 innotuit,
429 947 558 1027 ideoque
573 955 620 1011 sat
641 947 795 1011 modicum
822 946 972 1009 inllunum
996 945 1102 1008 babuit
1122 953 1187 1007 tum
1210 946 1243 1008 in

152 1045 323 1109 doctrinam
339 1048 562 1127 theologorum,
579 1058 643 1109 tum
661 1046 692 1108 in
708 1045 828 1125 praxim
844 1043 1113 1108 confessariorum.
1130 1065 1144 1098 t

194 1147 240 1209 lta
255 1146 350 1226 igitur
363 1146 398 1211 S.
418 1146 569 1225 officiente,
596 1162 676 1209 anno
700 1145 790 1209 laea.
807 1146 918 1208 Alvero
939 1143 974 1207 S.
991 1142 1239 1218 Poenlteutiuriu,

152 1261 233 1309 anno
250 1247 330 1311 1830
345 1263 363 1310 a
378 1246 492 1311 vicario
507 1246 641 1323 generali
657 1244 843 1309 Nannetensi
858 1244 1054 1322 interrogata,
1076 1243 1150 1321 quid
1173 1260 1244 1305 sen·

151 1344 290 1407 tiendum
306 1346 347 1408 sit
361 1346 398 1409 de
421 1346 459 1408 iis
480 1346 532 1424 qui
557 1346 701 1425 pecunias
723 1361 796 1407 suas
817 1343 1013 1407 commodant
1034 1342 1240 1416 societatibus,

151 1460 180 1506 v.
209 1462 239 1524 g.
269 1444 423 1507 canalium
449 1457 501 1507 aut
527 1445 677 1524 pontium,
706 1445 749 1507 vel
781 1442 920 1509 urbibus.
954 1442 999 1504 vel
1030 1440 1243 1521 quaestoribus

151 1544 358 1624 generalibus,
376 1554 446 1612 etc..
464 1546 589 1618 oratori,
609 1543 658 1607 die
674 1544 713 1606 bd
729 1544 817 1621 apr..
832 1542 917 1620 iuxta
937 1556 1065 1615 morem,
1090 1548 1123 1603 ut
1144 1540 1241 1618 Eney·

153 1641 262 1704 clicam
275 1642 429 1705 Benedicti
442 1643 511 1705 xlv
521 1642 628 1715 adiret,
643 1641 800 1721 respondit
813 1640 1014 1717 (blandem,
1028 1637 1136 1702 eodem
1148 1654 1239 1713 anuo,

153 1738 187 1802 S.
208 1738 314 1817 Officio
326 1747 508 1820 exposuerat
522 1740 683 1819 episcopus
701 1738 911 1801 Rbedonensis
923 1736 971 1813 (de
988 1739 1135 1816 Lesquen)
1150 1759 1164 1792 ι
1179 1752 1240 1799 non

154 1837 282 1900 eandem
297 1854 363 1901 esse
377 1838 633 1902 confessariorum
649 1854 721 1900 suae
737 1836 878 1899 dioecesis
893 1836 1076 1899 sententiam
1098 1835 1136 1898 de
1159 1835 1243 1898 lucro

153 1946 294 2017 percepto
310 1953 346 1999 ex
358 1937 485 2015 pecunia
502 1937 740 2017 negotiatoribus
753 1945 859 1998 mutuo
872 1935 987 1997 detaut
1003 1952 1038 1997 ea
1053 1934 1241 1997 ditescant...

153 2036 300 2099 Nonnulli
315 2035 492 2099 confessarii
509 2036 681 2097 mediam...
701 2035 780 2097 viam
805 2050 838 2097 se
858 2050 948 2114 posse
970 2041 1071 2096 tenere
1092 2033 1242 2095 arbitran-

154 2139 212 2195 tur.
232 2134 263 2196 Si
290 2134 359 2212 quis
385 2134 469 2213 ipsos
495 2134 646 2196 consultat
667 2133 704 2197 de
730 2132 902 2196 istiusmodi
926 2131 1128 2199 lucro.'illum
1147 2132 1186 2195 ab
1208 2147 1243 2193 eo

156 2231 306 2293 deterrere
320 2239 478 2293 conantur.
494 2232 525 2290 Si
545 2230 696 2310 penitens
708 2240 879 2310 perseveret
891 2230 922 2291 in
934 2230 1062 2292 consilio
1081 2230 1243 2309 pecuniam
1271 2273 1273 2276 -

155 2338 261 2392 mutuo
281 2329 374 2392 dandi
395 2329 686 2409 negotiatoribus...
705 2338 777 2391 tunc
792 2329 843 2390 isli
866 2328 1044 2392 confessarii
1065 2327 1189 2405 exigunt
1210 2335 1244 2390 ut

155 2428 309 2507 poenitens
324 2428 480 2507 promittat
495 2444 526 2490 se
544 2427 629 2489 filiali
645 2427 817 2490 obedientia
832 2427 1109 2506 obtemperaturum
1126 2426 1243 2504 jndicio

156 2525 269 2587 summi
285 2524 454 2599 pontilicis,
472 2525 498 2586 si
515 2524 691 2598 intercedat,
708 2524 928 2603 qualecumque
943 2525 1022 2587 sit...
1039 2524 1244 2603 »inquirebat

156 2626 318 2705 episcopus
343 2626 404 2688 «1ο
425 2635 526 2688 utrum
553 2627 650 2705 possit
675 2627 824 2688 borum...
853 2624 1108 2688 confessariorum
1131 2625 1241 2705 agendi

156 2724 305 2787 rationem
330 2724 504 2804 probare».
527 2725 582 2787 bie
606 2726 644 2787 l8
665 2726 757 2804 Aug,
784 2724 857 2786 Pius
878 2724 946 2785 Vlll
972 2722 1147 2786 «audito...
1173 2731 1241 2786 voto

156 2822 250 2885 emin.
274 2824 309 2885 b.
329 2822 417 2885 Card.
443 2822 662 2901 inquisitorum
687 2822 876 2901 generalium
902 2820 1082 2901 respondit:
1105 2820 1152 2886 Ad
1177 2821 1242 2901 pri-

156 2936 240 2984 mum
260 2940 266 2984 :
285 2940 346 2984 uott
361 2940 424 2985 esse
438 2922 682 3003 inquietandos»
701 2925 747 2999 (l).

198 3021 284 3095 Quod
306 3038 486 3101 responsum
513 3024 544 3085 S.
569 3020 665 3085 Officii
689 3019 874 3099 quibusdam
895 3018 1065 3082 maximum
1087 3029 1242 3099 stuporem

158 3120 268 3191 attulit,
293 3120 447 3200 plerisque
470 3120 580 3201 ingens
600 3121 747 3183 solamen.
772 3121 817 3183 bx
837 3121 895 3183 bac
915 3119 976 3198 die,
998 3136 1015 3182 a
1037 3122 1069 3183 S.
1084 3120 1189 3184 Officio
1214 3127 1244 3183 et

186 3331 222 3392 Ι(1)
238 3332 313 3387 Licet
330 3332 471 3388 decretum
492 3332 543 3388 boe
561 3346 616 3388 non
634 3336 761 3389 occurrat
780 3334 807 3388 in
827 3334 1007 3389 instructione
1021 3334 1049 3388 S.
1065 3335 1093 3388 G.
1106 3337 1139 3386 de
1156 3335 1240 3399 Prop.

157 3412 224 3467 Fide
241 3416 305 3469 anni
324 3414 399 3479 1813,
418 3415 453 3471 de
469 3416 592 3481 ejusdem
610 3421 701 3472 tamen
718 3415 859 3471 authentia
877 3415 996 3472 dubitari
1014 3431 1070 3472 non
1086 3421 1185 3483 potest.
1202 3414 1239 3472 cl.

160 3495 281 3549 collectio
305 3499 442 3551 Frontoni
459 3512 541 3565 supra
561 3499 651 3564 citata,
673 3512 699 3564 p.
719 3501 734 3553 'l
753 3513 786 3562 s.;
808 3500 930 3552 Litterae
950 3502 1111 3553 mersitonae
1130 3501 1244 3563 episcopi

157 3577 315 3631 Bette'eensts
334 3579 440 3643 (braum
456 3582 474 3635 t.
488 3596 522 3644 c.,
535 3594 559 3637 c.
574 3580 1013 3646 loels.t;crnn1nnr,op.e.‚1u,
1030 3597 1057 3646 p.
1071 3580 1120 3636 392
1137 3595 1160 3635 s.
1176 3579 1240 3635 coll.

187 3742 221 3804 (11
238 3743 385 3808 manteau,
399 3759 440 3810 op.
454 3760 488 3810 c,
501 3747 543 3808 lll,
559 3761 585 3811 p.
599 3738 657 3801 118.

67 3821 71 3830 ’
188 3823 213 3885 13
239 3824 321 3887 ibid,
335 3838 361 3890 p.
374 3824 433 3889 180,
453 3830 526 3888 nota,
545 3827 608 3881 coll.
631 3842 655 3893 p.
677 3826 735 3882 393.
755 3827 908 3883 Notandum
925 3829 967 3882 est
985 3826 1126 3883 decretum
1142 3826 1195 3881 boc
1212 3826 1242 3881 in

158 3904 239 3959 nullis
262 3906 353 3961 citatis
376 3906 594 3971 collectionibus,
619 3912 727 3975 praeter
749 3923 820 3974 opus
843 3909 994 3971 Quamne,
1020 3908 1146 3963 inveniri.
1168 3907 1240 3962 Nibil

158 3988 245 4041 tamen
257 3987 414 4044 authentiae
427 3990 513 4056 ipsius
525 3990 624 4054 obstat,
637 4006 701 4046 cum
713 3991 793 4056 plene
809 3994 951 4047 conveniat
963 3990 1045 4045 modo
1057 3988 1241 4056 respondendi

154 4066 200 4123 SS.
213 4068 460 4134 congregationum
472 4084 505 4126 eo
517 4084 606 4138 usque
618 4074 767 4137 generatim
780 4076 896 4128 servate.

188 4150 222 4212 ll)
239 4149 276 4207 Cf.
289 4166 315 4206 v.
329 4165 355 4218 g.
371 4154 538 4208 Cotteetuueu
555 4156 583 4209 S.
599 4155 627 4209 0.
640 4158 673 4208 de
692 4156 726 4210 P.
740 4157 785 4220 F,
805 4164 837 4209 nt
854 4154 929 4220 allo,
948 4156 995 4219 lll;
1012 4154 1160 4219 mauman,
1173 4156 1193 4209 t.
1205 4169 1241 4219 e,

159 4246 184 4299 n.
196 4233 245 4289 393
256 4248 279 4289 s.
1234 4285 1236 4288 .
