3242 4959
482 1202 645 1295 PARS
682 1201 891 1297 PRIOR.

197 1400 250 1475 De
276 1400 512 1497 quaestionis
537 1401 700 1478 historia
725 1410 765 1478 et
790 1409 948 1500 aspectu
974 1401 1171 1479 hodierno.

578 1861 730 1939 CAPUT
757 1861 784 1937 Ι.

418 2046 464 2101 un
492 2046 730 2115 Quarsrroms
758 2046 940 2104 ursromr.

182 2259 257 2329 Cum
272 2259 450 2335 sententiae,
468 2276 545 2338 quae
559 2259 725 2323 hodiedum
741 2260 778 2323 dc.
794 2250 929 2324 auctario
944 2277 980 2323 ex
999 2261 1127 2341 pecunia
1146 2262 1225 2326 aiiae

140 2357 178 2421 ab
194 2357 263 2420 aliis
278 2357 542 2433 circumferuntur,
561 2359 652 2439 longo
664 2359 727 2437 jam
747 2366 883 2423 anteacto
906 2367 1041 2438 tempore
1059 2361 1226 2425 seminatae

140 2470 230 2538 atque
251 2459 386 2523 excultae
407 2459 606 2539 reperiantur.
624 2467 742 2539 oportet
762 2469 795 2522 ut
814 2460 1035 2524 controversiae
1050 2460 1145 2535 iliius,
1162 2478 1223 2541 quo

139 2558 231 2621 modo
257 2558 346 2621 liceat
370 2566 520 2633 accurato,
547 2569 742 2638 conspectum
771 2559 951 2622 historicum
978 2560 1220 2639 praemittamus.

139 2658 201 2721 Nee
221 2658 318 2721 solius
337 2657 487 2731 historici,
504 2673 609 2720 verum
627 2658 717 2721 etiam
737 2658 916 2721 doctrinalis
937 2659 1082 2722 momenti
1101 2675 1192 2722 eausa
1213 2676 1221 2723 :

139 2756 251 2821 solutio
265 2758 347 2820 enim
361 2758 549 2838 quaestionis
563 2759 717 2838 imprimis
727 2757 866 2837 pendeta
877 2757 1065 2837 quaestionis
1076 2758 1224 2823 hodierna

138 2855 300 2934 positione,
318 2865 347 2918 et
367 2857 442 2919 haec
463 2856 530 2935 ipsa
552 2872 569 2918 a
595 2855 784 2935 quaestionis
810 2855 1000 2919 discussione
1024 2864 1069 2919 tot
1092 2856 1223 2919 saeculis

139 2962 290 3032 protracta
305 2956 351 3030 (r).
368 2955 408 3017 At
422 2954 600 3033 praesertim
615 2954 669 3016 iiia
684 2954 906 3017 controversiae
921 2954 1048 3017 historia
1069 2954 1223 3018 describa-

170 3168 204 3232 (i)
221 3168 271 3234 Qui
291 3169 454 3235 quaestioni.
478 3169 513 3225 de
533 3183 586 3236 qua
613 3169 674 3225 heic
690 3169 789 3236 agitur,
808 3168 851 3225 vel
870 3168 1027 3224 summatim
1046 3168 1222 3234 studuerunt,

138 3252 183 3307 vix
202 3266 259 3308 non
279 3251 437 3308 fatebuntur
456 3252 569 3318 plenum
589 3253 791 3308 coutroversiae
815 3255 992 3318 conspectum
1015 3266 1031 3306 a
1055 3251 1132 3307 nulio
1152 3252 1224 3308 tradi

139 3338 260 3393 auctore.
288 3335 364 3391 iiulti
391 3349 469 3397 sane.
497 3336 569 3391 inter
591 3335 738 3391 historicos
759 3336 889 3391 scientiae
911 3336 1095 3391 oeoouomicae
1115 3335 1223 3391 moder

139 3431 203 3477 nos.
233 3420 325 3473 ortum
354 3421 381 3474 et
410 3432 586 3483 progressum
614 3416 737 3483 ejusdem
766 3417 895 3472 scientiae
923 3419 951 3471 et
979 3417 1008 3470 in
1033 3417 1124 3482 specie
1147 3431 1223 3483 prae

139 3500 223 3555 sentis
241 3499 443 3555 controversiae
461 3498 613 3563 investigati
632 3502 697 3553 sunt
710 3517 716 3552 z
730 3501 756 3553 at
774 3498 856 3553 simul
874 3497 916 3552 vel
935 3501 1061 3553 auctores
1072 3498 1223 3554 catholicos

139 3584 166 3637 et
182 3582 343 3637 nominatim
363 3581 506 3647 theologos
526 3580 636 3647 penitus
657 3581 791 3646 ignorant.
812 3579 853 3635 vel
875 3594 972 3635 eorum
992 3580 1145 3636 doctrinam
1166 3595 1222 3636 non

139 3666 263 3719 accurate
280 3667 431 3729 exponunt,
443 3664 485 3719 vel
505 3662 614 3719 tandem
630 3676 685 3718 non
702 3676 798 3718 omnes
814 3663 1017 3719 controversiae
1033 3664 1106 3718 vices
1122 3667 1151 3718 et
1169 3676 1225 3719 res·

140 3750 234 3811 peetus
245 3749 414 3811 cognoscunt
432 3750 460 3801 et
479 3746 626 3801 illustrant.
639 3745 758 3812 ideoque
776 3744 849 3811 quod
868 3746 933 3800 aiibi
950 3745 1052 3810 deficit,
1066 3747 1127 3802 heic
1138 3747 1222 3801 abun·

140 3826 192 3883 det.
205 3828 377 3885 assentimur
393 3834 421 3884 et
439 3827 605 3893 respondere
622 3828 711 3883 conati
731 3841 828 3883 sumus
844 3832 908 3883 voto
930 3830 1053 3884 recenter
1064 3842 1222 3894 expressoa

139 3909 293 3975 professore
304 3910 447 3978 genevensi
459 3911 487 3965 E.
501 3910 539 3965 ita
550 3910 655 3965 Gmrno
669 3928 676 3964 :
689 3927 705 3957 «
714 3909 754 3965 les
766 3909 854 3975 lignes
869 3909 903 3965 de
920 3912 991 3965 nette
1001 3910 1126 3976 esquisse
1136 3909 1222 3972 (theo

140 3992 193 4047 ries
202 3991 398 4059 eoonomiques
409 4007 444 4045 oo
455 3992 540 4045 XV1⁶
550 3991 640 4055 steen)
653 4004 682 4047 se
693 3990 857 4057 prolongent
869 3989 976 4057 jusqu’t
986 4006 1037 4047 nos
1046 3991 1124 4057 jours
1136 3997 1173 4057 et,
1186 4008 1222 4050 en

140 4072 258 4129 demeler
269 4071 533 4137 l'enchevetrement
546 4073 629 4129 serait
644 4071 715 4139 ieter
731 4086 786 4127 une
804 4071 953 4139 singuliere
971 4072 1087 4129 lumiere
1102 4088 1150 4130 sur
1166 4089 1222 4133 une

140 4154 212 4212 ioule
223 4156 258 4211 de
269 4154 423 4222 problemes
435 4156 547 4211 actuels.
558 4170 574 4202 »
592 4156 724 4219 (Histoire
742 4158 774 4208 cte
792 4154 953 4209 t’Economie
967 4157 1064 4209 sonate
1074 4158 1182 4223 jusqu’o
1194 4161 1222 4213 to

140 4237 176 4300 fio
187 4241 222 4291 cto
233 4239 264 4291 X
268 4239 318 4291 pp
328 4238 417 4303 stacte,
430 4252 457 4303 p.
471 4240 496 4293 t.
509 4237 593 4302 Paris,
607 4237 687 4292 Giard
700 4240 728 4293 et
739 4236 841 4301 Briere
854 4236 939 4299 1900.)
