<?xml version="1.0" encoding="UTF-8"?>
<!DOCTYPE html PUBLIC "-//W3C//DTD XHTML 1.0 Transitional//EN"
    "http://www.w3.org/TR/xhtml1/DTD/xhtml1-transitional.dtd">
<html xmlns="http://www.w3.org/1999/xhtml" xml:lang="en" lang="en">
 <head>
  <title>
</title>
<meta http-equiv="Content-Type" content="text/html;charset=utf-8" />
  <meta name='ocr-system' content='tesseract 3.04.00' />
  <meta name='ocr-capabilities' content='ocr_page ocr_carea ocr_par ocr_line ocrx_word'/>
</head>
<body>
  <div class='ocr_page' id='page_1' title='image "./dejustoauctario00roeygoog_0272.png"; bbox 0 0 3242 4959; ppageno 0'>
   <div class='ocr_carea' id='block_1_1' title="bbox 389 434 1109 500">
    <p class='ocr_par' dir='ltr' id='par_1_1' title="bbox 389 434 1109 500">
     <span class='ocr_line' id='line_1_1' title="bbox 389 434 1109 500; baseline 0 -2"><span class='ocrx_word' id='word_1_1' title='bbox 389 434 452 498; x_wconf 78' lang='lat' dir='ltr'>att</span> <span class='ocrx_word' id='word_1_2' title='bbox 752 453 826 498; x_wconf 80' lang='lat' dir='ltr'>raas</span> <span class='ocrx_word' id='word_1_3' title='bbox 840 453 962 499; x_wconf 81' lang='lat' dir='ltr'>numan.</span> <span class='ocrx_word' id='word_1_4' title='bbox 980 453 1059 500; x_wconf 82' lang='lat' dir='ltr'>secr.</span> <span class='ocrx_word' id='word_1_5' title='bbox 1076 454 1109 499; x_wconf 92' lang='lat'>11.</span> 
     </span>
    </p>
   </div>
   <div class='ocr_carea' id='block_1_2' title="bbox 384 616 1476 1481">
    <p class='ocr_par' dir='ltr' id='par_1_2' title="bbox 385 616 1476 1079">
     <span class='ocr_line' id='line_1_2' title="bbox 388 616 1474 698; baseline -0.002 -16"><span class='ocrx_word' id='word_1_6' title='bbox 388 625 508 698; x_wconf 90' lang='lat' dir='ltr'>tempus</span> <span class='ocrx_word' id='word_1_7' title='bbox 522 640 550 693; x_wconf 74' lang='grc' dir='ltr'>ι,</span> <span class='ocrx_word' id='word_1_8' title='bbox 565 616 748 681; x_wconf 88' lang='lat' dir='ltr'>elementum</span> <span class='ocrx_word' id='word_1_9' title='bbox 761 616 925 693; x_wconf 91' lang='lat' dir='ltr'>indicatur,</span> <span class='ocrx_word' id='word_1_10' title='bbox 939 617 1020 698; x_wconf 93' lang='lat' dir='ltr'>quod</span> <span class='ocrx_word' id='word_1_11' title='bbox 1035 634 1125 680; x_wconf 92' lang='lat' dir='ltr'>omne</span> <span class='ocrx_word' id='word_1_12' title='bbox 1140 616 1290 681; x_wconf 87' lang='lat' dir='ltr'>creditum</span> <span class='ocrx_word' id='word_1_13' title='bbox 1304 617 1474 682; x_wconf 88' lang='lat' dir='ltr'>iormaliter</span> 
     </span>
     <span class='ocr_line' id='line_1_3' title="bbox 388 715 1476 798; baseline -0.002 -18"><span class='ocrx_word' id='word_1_14' title='bbox 388 717 558 798; x_wconf 81' lang='lat' dir='ltr'>ingreditur</span> <span class='ocrx_word' id='word_1_15' title='bbox 571 725 601 780; x_wconf 90' lang='lat' dir='ltr'>et</span> <span class='ocrx_word' id='word_1_16' title='bbox 615 732 676 796; x_wconf 93' lang='lat' dir='ltr'>quo</span> <span class='ocrx_word' id='word_1_17' title='bbox 691 715 841 780; x_wconf 84' lang='lat' dir='ltr'>creditum</span> <span class='ocrx_word' id='word_1_18' title='bbox 857 731 947 779; x_wconf 87' lang='lat' dir='ltr'>ontne</span> <span class='ocrx_word' id='word_1_19' title='bbox 959 715 997 779; x_wconf 92' lang='lat' dir='ltr'>ab</span> <span class='ocrx_word' id='word_1_20' title='bbox 1009 715 1070 778; x_wconf 90' lang='lat' dir='ltr'>alio</span> <span class='ocrx_word' id='word_1_21' title='bbox 1082 722 1249 788; x_wconf 90' lang='lat' dir='ltr'>contractu,</span> <span class='ocrx_word' id='word_1_22' title='bbox 1263 722 1297 778; x_wconf 94' lang='lat' dir='ltr'>ut</span> <span class='ocrx_word' id='word_1_23' title='bbox 1308 715 1476 797; x_wconf 79' lang='lat' dir='ltr'>emptione</span> 
     </span>
     <span class='ocr_line' id='line_1_4' title="bbox 386 813 1474 906; baseline -0.001 -29"><span class='ocrx_word' id='word_1_24' title='bbox 386 815 571 890; x_wconf 75' lang='lat' dir='ltr'>venditione,</span> <span class='ocrx_word' id='word_1_25' title='bbox 589 815 635 906; x_wconf 86' lang='lat' dir='ltr'>vel</span> <span class='ocrx_word' id='word_1_26' title='bbox 658 813 881 894; x_wconf 82' lang='lat' dir='ltr'>permutatione</span> <span class='ocrx_word' id='word_1_27' title='bbox 896 814 1099 894; x_wconf 80' lang='lat' dir='ltr'>specificatur.</span> <span class='ocrx_word' id='word_1_28' title='bbox 1117 813 1252 878; x_wconf 82' lang='lat' dir='ltr'>Tandem</span> <span class='ocrx_word' id='word_1_29' title='bbox 1268 813 1422 894; x_wconf 93' lang='lat' dir='ltr'>loquendo</span> <span class='ocrx_word' id='word_1_30' title='bbox 1438 814 1474 877; x_wconf 91' lang='lat' dir='ltr'>de</span> 
     </span>
     <span class='ocr_line' id='line_1_5' title="bbox 386 912 1473 994; baseline -0.002 -16"><span class='ocrx_word' id='word_1_31' title='bbox 386 915 429 978; x_wconf 91' lang='lat' dir='ltr'>rei</span> <span class='ocrx_word' id='word_1_32' title='bbox 448 930 533 977; x_wconf 77' lang='lat' dir='ltr'>«usu</span> <span class='ocrx_word' id='word_1_33' title='bbox 546 936 574 989; x_wconf 74' lang='grc' dir='ltr'>ι,</span> <span class='ocrx_word' id='word_1_34' title='bbox 599 913 844 994; x_wconf 87' lang='lat' dir='ltr'>praescindimus</span> <span class='ocrx_word' id='word_1_35' title='bbox 866 920 968 975; x_wconf 93' lang='lat' dir='ltr'>utrum</span> <span class='ocrx_word' id='word_1_36' title='bbox 985 929 1060 974; x_wconf 89' lang='lat' dir='ltr'>usus</span> <span class='ocrx_word' id='word_1_37' title='bbox 1078 912 1130 975; x_wconf 90' lang='lat' dir='ltr'>ille</span> <span class='ocrx_word' id='word_1_38' title='bbox 1145 912 1279 976; x_wconf 88' lang='lat' dir='ltr'>creditus</span> <span class='ocrx_word' id='word_1_39' title='bbox 1293 913 1394 992; x_wconf 83' lang='lat' dir='ltr'>ipsam</span> <span class='ocrx_word' id='word_1_40' title='bbox 1409 928 1473 976; x_wconf 88' lang='lat' dir='ltr'>rem</span> 
     </span>
     <span class='ocr_line' id='line_1_6' title="bbox 385 1011 899 1079; baseline -0.01 0"><span class='ocrx_word' id='word_1_41' title='bbox 385 1014 527 1079; x_wconf 87' lang='lat' dir='ltr'>absumat</span> <span class='ocrx_word' id='word_1_42' title='bbox 538 1011 779 1076; x_wconf 79' lang='lat' dir='ltr'>substantialiter</span> <span class='ocrx_word' id='word_1_43' title='bbox 793 1021 899 1075; x_wconf 86' lang='lat' dir='ltr'>neone.</span> 
     </span>
    </p>

    <p class='ocr_par' dir='ltr' id='par_1_3' title="bbox 384 1109 1475 1481">
     <span class='ocr_line' id='line_1_7' title="bbox 428 1109 1475 1192; baseline -0.004 -16"><span class='ocrx_word' id='word_1_44' title='bbox 428 1115 521 1176; x_wconf 83' lang='lat' dir='ltr'>Porro</span> <span class='ocrx_word' id='word_1_45' title='bbox 537 1111 753 1192; x_wconf 91' lang='lat' dir='ltr'>inquirendum</span> <span class='ocrx_word' id='word_1_46' title='bbox 769 1118 814 1174; x_wconf 85' lang='lat' dir='ltr'>est</span> <span class='ocrx_word' id='word_1_47' title='bbox 830 1109 982 1190; x_wconf 90' lang='lat' dir='ltr'>quomodo</span> <span class='ocrx_word' id='word_1_48' title='bbox 997 1109 1030 1172; x_wconf 90' lang='lat' dir='ltr'>ln</span> <span class='ocrx_word' id='word_1_49' title='bbox 1045 1118 1201 1174; x_wconf 84' lang='lat' dir='ltr'>contractu</span> <span class='ocrx_word' id='word_1_50' title='bbox 1216 1111 1322 1175; x_wconf 87' lang='lat' dir='ltr'>crediti</span> <span class='ocrx_word' id='word_1_51' title='bbox 1338 1117 1475 1191; x_wconf 86' lang='lat' dir='ltr'>praesta·</span> 
     </span>
     <span class='ocr_line' id='line_1_8' title="bbox 385 1208 1473 1291; baseline -0.004 -17"><span class='ocrx_word' id='word_1_52' title='bbox 385 1211 484 1275; x_wconf 92' lang='lat' dir='ltr'>tiones</span> <span class='ocrx_word' id='word_1_53' title='bbox 500 1211 572 1273; x_wconf 87' lang='lat' dir='ltr'>liant</span> <span class='ocrx_word' id='word_1_54' title='bbox 586 1210 740 1291; x_wconf 84' lang='lat' dir='ltr'>utrimque</span> <span class='ocrx_word' id='word_1_55' title='bbox 750 1208 792 1271; x_wconf 87' lang='lat' dir='ltr'>ud</span> <span class='ocrx_word' id='word_1_56' title='bbox 806 1208 1074 1289; x_wconf 78' lang='lat' dir='ltr'>aequivalentium,</span> <span class='ocrx_word' id='word_1_57' title='bbox 1088 1216 1189 1272; x_wconf 92' lang='lat' dir='ltr'>utrum</span> <span class='ocrx_word' id='word_1_58' title='bbox 1202 1209 1240 1272; x_wconf 92' lang='lat' dir='ltr'>ad</span> <span class='ocrx_word' id='word_1_59' title='bbox 1251 1209 1331 1272; x_wconf 88' lang='lat' dir='ltr'>bauo</span> <span class='ocrx_word' id='word_1_60' title='bbox 1342 1209 1473 1272; x_wconf 84' lang='lat' dir='ltr'>cilicien-</span> 
     </span>
     <span class='ocr_line' id='line_1_9' title="bbox 385 1307 1474 1390; baseline -0.003 -17"><span class='ocrx_word' id='word_1_61' title='bbox 385 1309 455 1373; x_wconf 91' lang='lat' dir='ltr'>dam</span> <span class='ocrx_word' id='word_1_62' title='bbox 482 1316 619 1390; x_wconf 90' lang='lat' dir='ltr'>oporteat</span> <span class='ocrx_word' id='word_1_63' title='bbox 643 1316 677 1371; x_wconf 93' lang='lat' dir='ltr'>ut</span> <span class='ocrx_word' id='word_1_64' title='bbox 701 1307 821 1372; x_wconf 88' lang='lat' dir='ltr'>debitor</span> <span class='ocrx_word' id='word_1_65' title='bbox 844 1315 915 1387; x_wconf 89' lang='lat' dir='ltr'>post</span> <span class='ocrx_word' id='word_1_66' title='bbox 940 1316 1059 1388; x_wconf 91' lang='lat' dir='ltr'>tempus</span> <span class='ocrx_word' id='word_1_67' title='bbox 1084 1308 1331 1375; x_wconf 86' lang='lat' dir='ltr'>determinatum.</span> <span class='ocrx_word' id='word_1_68' title='bbox 1354 1315 1474 1388; x_wconf 88' lang='lat' dir='ltr'>praeter</span> 
     </span>
     <span class='ocr_line' id='line_1_10' title="bbox 384 1407 1474 1481; baseline -0.004 -7"><span class='ocrx_word' id='word_1_69' title='bbox 384 1426 448 1474; x_wconf 91' lang='lat' dir='ltr'>rem</span> <span class='ocrx_word' id='word_1_70' title='bbox 475 1409 560 1472; x_wconf 88' lang='lat' dir='ltr'>inse</span> <span class='ocrx_word' id='word_1_71' title='bbox 582 1425 634 1471; x_wconf 91' lang='lat' dir='ltr'>seu</span> <span class='ocrx_word' id='word_1_72' title='bbox 660 1407 692 1470; x_wconf 95' lang='lat' dir='ltr'>in</span> <span class='ocrx_word' id='word_1_73' title='bbox 720 1407 832 1478; x_wconf 86' lang='lat' dir='ltr'>valore,</span> <span class='ocrx_word' id='word_1_74' title='bbox 856 1407 1023 1469; x_wconf 86' lang='lat' dir='ltr'>atrctarium</span> <span class='ocrx_word' id='word_1_75' title='bbox 1048 1407 1160 1471; x_wconf 90' lang='lat' dir='ltr'>valoris</span> <span class='ocrx_word' id='word_1_76' title='bbox 1188 1408 1344 1481; x_wconf 87' lang='lat' dir='ltr'>retribuat,</span> <span class='ocrx_word' id='word_1_77' title='bbox 1368 1408 1401 1471; x_wconf 91' lang='lat' dir='ltr'>id</span> <span class='ocrx_word' id='word_1_78' title='bbox 1428 1417 1474 1472; x_wconf 90' lang='lat' dir='ltr'>est</span> 
     </span>
    </p>
   </div>
   <div class='ocr_carea' id='block_1_3' title="bbox 291 1506 1386 1587">
    <p class='ocr_par' dir='ltr' id='par_1_4' title="bbox 291 1506 1386 1587">
     <span class='ocr_line' id='line_1_11' title="bbox 291 1506 1386 1587; baseline -0.004 -13"><span class='ocrx_word' id='word_1_79' title='bbox 291 1581 293 1587; x_wconf 58' lang='grc'>,</span> <span class='ocrx_word' id='word_1_80' title='bbox 382 1518 485 1574; x_wconf 92' lang='lat' dir='ltr'>utrum</span> <span class='ocrx_word' id='word_1_81' title='bbox 499 1515 671 1573; x_wconf 90' lang='lat' dir='ltr'>contractus</span> <span class='ocrx_word' id='word_1_82' title='bbox 685 1506 845 1570; x_wconf 87' lang='lat' dir='ltr'>habendus</span> <span class='ocrx_word' id='word_1_83' title='bbox 858 1507 900 1570; x_wconf 90' lang='lat' dir='ltr'>sit</span> <span class='ocrx_word' id='word_1_84' title='bbox 913 1523 950 1570; x_wconf 81' lang='lat' dir='ltr'>ex</span> <span class='ocrx_word' id='word_1_85' title='bbox 964 1523 997 1569; x_wconf 91' lang='lat' dir='ltr'>se</span> <span class='ocrx_word' id='word_1_86' title='bbox 1010 1508 1161 1582; x_wconf 74' lang='lat' dir='ltr'>gratuitus</span> <span class='ocrx_word' id='word_1_87' title='bbox 1174 1524 1213 1570; x_wconf 92' lang='lat' dir='ltr'>an</span> <span class='ocrx_word' id='word_1_88' title='bbox 1229 1523 1386 1571; x_wconf 87' lang='lat' dir='ltr'>onerosus.</span> 
     </span>
    </p>
   </div>
   <div class='ocr_carea' id='block_1_4' title="bbox 384 1605 1472 1786">
    <p class='ocr_par' dir='ltr' id='par_1_5' title="bbox 384 1605 1472 1786">
     <span class='ocr_line' id='line_1_12' title="bbox 425 1605 1472 1686; baseline -0.001 -13"><span class='ocrx_word' id='word_1_89' title='bbox 425 1611 548 1679; x_wconf 77' lang='lat' dir='ltr'>Altero,</span> <span class='ocrx_word' id='word_1_90' title='bbox 565 1607 590 1669; x_wconf 92' lang='lat' dir='ltr'>si</span> <span class='ocrx_word' id='word_1_91' title='bbox 607 1605 723 1686; x_wconf 91' lang='lat' dir='ltr'>aliquid</span> <span class='ocrx_word' id='word_1_92' title='bbox 739 1622 775 1668; x_wconf 89' lang='lat' dir='ltr'>ex</span> <span class='ocrx_word' id='word_1_93' title='bbox 791 1606 896 1685; x_wconf 87' lang='lat' dir='ltr'>Capite</span> <span class='ocrx_word' id='word_1_94' title='bbox 910 1607 1058 1685; x_wconf 83' lang='lat' dir='ltr'>superiori</span> <span class='ocrx_word' id='word_1_95' title='bbox 1082 1605 1273 1670; x_wconf 90' lang='lat' dir='ltr'>retinendum</span> <span class='ocrx_word' id='word_1_96' title='bbox 1288 1613 1345 1675; x_wconf 86' lang='lat' dir='ltr'>est.</span> <span class='ocrx_word' id='word_1_97' title='bbox 1363 1607 1472 1672; x_wconf 85' lang='lat' dir='ltr'>saltent</span> 
     </span>
     <span class='ocr_line' id='line_1_13' title="bbox 384 1704 1472 1786; baseline -0.001 -15"><span class='ocrx_word' id='word_1_98' title='bbox 384 1709 442 1772; x_wconf 93' lang='lat' dir='ltr'>boc</span> <span class='ocrx_word' id='word_1_99' title='bbox 457 1708 554 1771; x_wconf 79' lang='lat' dir='ltr'>elatoet</span> <span class='ocrx_word' id='word_1_100' title='bbox 568 1722 637 1770; x_wconf 89' lang='lat' dir='ltr'>:res</span> <span class='ocrx_word' id='word_1_101' title='bbox 651 1706 821 1781; x_wconf 89' lang='lat' dir='ltr'>universas,</span> <span class='ocrx_word' id='word_1_102' title='bbox 835 1705 860 1767; x_wconf 89' lang='lat' dir='ltr'>si</span> <span class='ocrx_word' id='word_1_103' title='bbox 877 1704 976 1784; x_wconf 88' lang='lat' dir='ltr'>quoad</span> <span class='ocrx_word' id='word_1_104' title='bbox 992 1721 1080 1768; x_wconf 91' lang='lat' dir='ltr'>usum</span> <span class='ocrx_word' id='word_1_105' title='bbox 1096 1705 1233 1786; x_wconf 90' lang='lat' dir='ltr'>ipsarum</span> <span class='ocrx_word' id='word_1_106' title='bbox 1249 1706 1472 1771; x_wconf 76' lang='lat' dir='ltr'>oeconomicum</span> 
     </span>
    </p>
   </div>
   <div class='ocr_carea' id='block_1_5' title="bbox 378 1975 1472 4254">
    <p class='ocr_par' dir='ltr' id='par_1_6' title="bbox 378 1975 1472 4254">
     <span class='ocr_line' id='line_1_14' title="bbox 385 1975 1472 2046; baseline 0.007 -18"><span class='ocrx_word' id='word_1_107' title='bbox 385 1989 579 2034; x_wconf 75' lang='lat' dir='ltr'>«romanam».</span> <span class='ocrx_word' id='word_1_108' title='bbox 599 1975 718 2032; x_wconf 89' lang='lat' dir='ltr'>Vocibus</span> <span class='ocrx_word' id='word_1_109' title='bbox 734 1979 827 2032; x_wconf 85' lang='lat' dir='ltr'>autem</span> <span class='ocrx_word' id='word_1_110' title='bbox 845 1976 975 2033; x_wconf 92' lang='lat' dir='ltr'>nolumus</span> <span class='ocrx_word' id='word_1_111' title='bbox 993 1977 1143 2038; x_wconf 79' lang='lat' dir='ltr'>inhaerere.</span> <span class='ocrx_word' id='word_1_112' title='bbox 1163 1978 1211 2034; x_wconf 84' lang='lat' dir='ltr'>sed</span> <span class='ocrx_word' id='word_1_113' title='bbox 1230 1980 1270 2035; x_wconf 89' lang='lat' dir='ltr'>rei</span> <span class='ocrx_word' id='word_1_114' title='bbox 1286 1978 1376 2046; x_wconf 88' lang='lat' dir='ltr'>ipsius</span> <span class='ocrx_word' id='word_1_115' title='bbox 1392 1980 1472 2037; x_wconf 89' lang='lat' dir='ltr'>ratio·</span> 
     </span>
     <span class='ocr_line' id='line_1_15' title="bbox 385 2049 1472 2119; baseline 0 -10"><span class='ocrx_word' id='word_1_116' title='bbox 385 2066 447 2109; x_wconf 88' lang='lat' dir='ltr'>uem</span> <span class='ocrx_word' id='word_1_117' title='bbox 460 2051 573 2114; x_wconf 72' lang='lat' dir='ltr'>babere:</span> <span class='ocrx_word' id='word_1_118' title='bbox 587 2063 620 2107; x_wconf 89' lang='lat' dir='ltr'>eo</span> <span class='ocrx_word' id='word_1_119' title='bbox 631 2049 673 2106; x_wconf 88' lang='lat' dir='ltr'>vel</span> <span class='ocrx_word' id='word_1_120' title='bbox 687 2051 772 2116; x_wconf 79' lang='lat' dir='ltr'>magis</span> <span class='ocrx_word' id='word_1_121' title='bbox 783 2049 868 2116; x_wconf 90' lang='lat' dir='ltr'>quod,</span> <span class='ocrx_word' id='word_1_122' title='bbox 878 2049 940 2117; x_wconf 87' lang='lat' dir='ltr'>iure</span> <span class='ocrx_word' id='word_1_123' title='bbox 949 2065 1062 2106; x_wconf 89' lang='lat' dir='ltr'>romano</span> <span class='ocrx_word' id='word_1_124' title='bbox 1074 2051 1186 2116; x_wconf 88' lang='lat' dir='ltr'>abolito,</span> <span class='ocrx_word' id='word_1_125' title='bbox 1196 2053 1334 2119; x_wconf 88' lang='lat' dir='ltr'>antiquata</span> <span class='ocrx_word' id='word_1_126' title='bbox 1347 2053 1472 2110; x_wconf 86' lang='lat' dir='ltr'>videatur</span> 
     </span>
     <span class='ocr_line' id='line_1_16' title="bbox 384 2123 1469 2192; baseline 0 -10"><span class='ocrx_word' id='word_1_127' title='bbox 384 2124 570 2182; x_wconf 85' lang='lat' dir='ltr'>controversia</span> <span class='ocrx_word' id='word_1_128' title='bbox 581 2137 651 2190; x_wconf 83' lang='lat' dir='ltr'>quae</span> <span class='ocrx_word' id='word_1_129' title='bbox 662 2123 793 2190; x_wconf 77' lang='lat' dir='ltr'>agebatur</span> <span class='ocrx_word' id='word_1_130' title='bbox 805 2124 876 2180; x_wconf 90' lang='lat' dir='ltr'>inter</span> <span class='ocrx_word' id='word_1_131' title='bbox 886 2123 1008 2190; x_wconf 81' lang='lat' dir='ltr'>juristas,</span> <span class='ocrx_word' id='word_1_132' title='bbox 1020 2126 1174 2180; x_wconf 72' lang='lat' dir='ltr'>canonistas</span> <span class='ocrx_word' id='word_1_133' title='bbox 1190 2129 1218 2181; x_wconf 89' lang='lat' dir='ltr'>et</span> <span class='ocrx_word' id='word_1_134' title='bbox 1235 2126 1379 2192; x_wconf 80' lang='lat' dir='ltr'>theologos</span> <span class='ocrx_word' id='word_1_135' title='bbox 1390 2127 1469 2182; x_wconf 88' lang='lat' dir='ltr'>liedii</span> 
     </span>
     <span class='ocr_line' id='line_1_17' title="bbox 384 2197 1470 2266; baseline -0.001 -9"><span class='ocrx_word' id='word_1_136' title='bbox 384 2200 442 2257; x_wconf 89' lang='lat' dir='ltr'>aevi</span> <span class='ocrx_word' id='word_1_137' title='bbox 457 2219 464 2255; x_wconf 75' lang='grc' dir='ltr'><strong><em>ε</em></strong></span> <span class='ocrx_word' id='word_1_138' title='bbox 477 2199 581 2255; x_wconf 89' lang='lat' dir='ltr'>scilicet</span> <span class='ocrx_word' id='word_1_139' title='bbox 592 2199 663 2254; x_wconf 90' lang='lat' dir='ltr'>cirea</span> <span class='ocrx_word' id='word_1_140' title='bbox 675 2213 820 2266; x_wconf 92' lang='lat' dir='ltr'>quamnam</span> <span class='ocrx_word' id='word_1_141' title='bbox 833 2212 890 2254; x_wconf 91' lang='lat' dir='ltr'>rem</span> <span class='ocrx_word' id='word_1_142' title='bbox 903 2197 1054 2255; x_wconf 86' lang='lat' dir='ltr'>lormaliter</span> <span class='ocrx_word' id='word_1_143' title='bbox 1065 2200 1154 2256; x_wconf 91' lang='lat' dir='ltr'>mutui</span> <span class='ocrx_word' id='word_1_144' title='bbox 1166 2203 1323 2256; x_wconf 85' lang='lat' dir='ltr'>contractus</span> <span class='ocrx_word' id='word_1_145' title='bbox 1334 2206 1470 2266; x_wconf 82' lang='lat' dir='ltr'>versetur,</span> 
     </span>
     <span class='ocr_line' id='line_1_18' title="bbox 383 2273 1472 2340; baseline 0.001 -9"><span class='ocrx_word' id='word_1_146' title='bbox 383 2279 479 2331; x_wconf 88' lang='lat' dir='ltr'>utrum</span> <span class='ocrx_word' id='word_1_147' title='bbox 490 2274 562 2329; x_wconf 88' lang='lat' dir='ltr'>circa</span> <span class='ocrx_word' id='word_1_148' title='bbox 574 2286 618 2328; x_wconf 86' lang='lat' dir='ltr'>res</span> <span class='ocrx_word' id='word_1_149' title='bbox 628 2287 721 2340; x_wconf 86' lang='lat' dir='ltr'>«quae</span> <span class='ocrx_word' id='word_1_150' title='bbox 732 2273 863 2339; x_wconf 90' lang='lat' dir='ltr'>pondere,</span> <span class='ocrx_word' id='word_1_151' title='bbox 873 2287 999 2337; x_wconf 92' lang='lat' dir='ltr'>numero,</span> <span class='ocrx_word' id='word_1_152' title='bbox 1009 2287 1172 2330; x_wconf 85' lang='lat' dir='ltr'>mensurare</span> <span class='ocrx_word' id='word_1_153' title='bbox 1181 2278 1340 2338; x_wconf 82' lang='lat' dir='ltr'>constant»,</span> <span class='ocrx_word' id='word_1_154' title='bbox 1352 2289 1388 2330; x_wconf 89' lang='lat' dir='ltr'>an</span> <span class='ocrx_word' id='word_1_155' title='bbox 1398 2277 1472 2332; x_wconf 88' lang='lat' dir='ltr'>cirea</span> 
     </span>
     <span class='ocr_line' id='line_1_19' title="bbox 384 2347 1471 2415; baseline -0.001 -10"><span class='ocrx_word' id='word_1_156' title='bbox 384 2362 429 2405; x_wconf 90' lang='lat' dir='ltr'>res</span> <span class='ocrx_word' id='word_1_157' title='bbox 440 2362 533 2414; x_wconf 86' lang='lat' dir='ltr'>«quoe</span> <span class='ocrx_word' id='word_1_158' title='bbox 545 2361 596 2403; x_wconf 90' lang='lat' dir='ltr'>usu</span> <span class='ocrx_word' id='word_1_159' title='bbox 609 2352 843 2412; x_wconf 83' lang='lat' dir='ltr'>consumuntur»,</span> <span class='ocrx_word' id='word_1_160' title='bbox 861 2361 895 2402; x_wconf 90' lang='lat' dir='ltr'>an</span> <span class='ocrx_word' id='word_1_161' title='bbox 912 2347 1021 2403; x_wconf 84' lang='lat' dir='ltr'>tandem</span> <span class='ocrx_word' id='word_1_162' title='bbox 1039 2348 1110 2404; x_wconf 90' lang='lat' dir='ltr'>cirea</span> <span class='ocrx_word' id='word_1_163' title='bbox 1124 2349 1167 2404; x_wconf 81' lang='lat' dir='ltr'>res</span> <span class='ocrx_word' id='word_1_164' title='bbox 1183 2348 1387 2415; x_wconf 79' lang='lat' dir='ltr'>«lungibiles».</span> <span class='ocrx_word' id='word_1_165' title='bbox 1401 2351 1429 2404; x_wconf 83' lang='lat' dir='ltr'>l⁰</span> <span class='ocrx_word' id='word_1_166' title='bbox 1440 2351 1471 2404; x_wconf 93' lang='lat' dir='ltr'>ln</span> 
     </span>
     <span class='ocr_line' id='line_1_20' title="bbox 383 2420 1470 2490; baseline 0.002 -12"><span class='ocrx_word' id='word_1_167' title='bbox 383 2420 445 2489; x_wconf 85' lang='lat' dir='ltr'>iure</span> <span class='ocrx_word' id='word_1_168' title='bbox 463 2435 575 2477; x_wconf 90' lang='lat' dir='ltr'>romano</span> <span class='ocrx_word' id='word_1_169' title='bbox 593 2420 741 2477; x_wconf 90' lang='lat' dir='ltr'>dicendum</span> <span class='ocrx_word' id='word_1_170' title='bbox 758 2420 868 2477; x_wconf 88' lang='lat' dir='ltr'>videtur</span> <span class='ocrx_word' id='word_1_171' title='bbox 890 2424 1019 2477; x_wconf 92' lang='lat' dir='ltr'>mutuum</span> <span class='ocrx_word' id='word_1_172' title='bbox 1040 2420 1190 2478; x_wconf 83' lang='lat' dir='ltr'>formaliter</span> <span class='ocrx_word' id='word_1_173' title='bbox 1209 2423 1346 2488; x_wconf 81' lang='lat' dir='ltr'>respicere</span> <span class='ocrx_word' id='word_1_174' title='bbox 1365 2422 1470 2490; x_wconf 85' lang='lat' dir='ltr'>objecta</span> 
     </span>
     <span class='ocr_line' id='line_1_21' title="bbox 383 2495 1470 2565; baseline 0.002 -13"><span class='ocrx_word' id='word_1_175' title='bbox 383 2511 477 2563; x_wconf 90' lang='lat' dir='ltr'>«quae</span> <span class='ocrx_word' id='word_1_176' title='bbox 499 2495 633 2562; x_wconf 86' lang='lat' dir='ltr'>pondere.</span> <span class='ocrx_word' id='word_1_177' title='bbox 658 2507 786 2559; x_wconf 90' lang='lat' dir='ltr'>numero,</span> <span class='ocrx_word' id='word_1_178' title='bbox 812 2509 974 2551; x_wconf 82' lang='lat' dir='ltr'>mensurare</span> <span class='ocrx_word' id='word_1_179' title='bbox 996 2498 1152 2559; x_wconf 71' lang='lat' dir='ltr'>couniantur</span> <span class='ocrx_word' id='word_1_180' title='bbox 1176 2498 1310 2557; x_wconf 85' lang='lat' dir='ltr'>attamen.</span> <span class='ocrx_word' id='word_1_181' title='bbox 1334 2497 1470 2565; x_wconf 90' lang='lat' dir='ltr'>quidquid</span> 
     </span>
     <span class='ocr_line' id='line_1_22' title="bbox 383 2569 1471 2637; baseline 0.002 -11"><span class='ocrx_word' id='word_1_182' title='bbox 383 2569 533 2626; x_wconf 86' lang='lat' dir='ltr'>theoretice</span> <span class='ocrx_word' id='word_1_183' title='bbox 544 2570 580 2626; x_wconf 90' lang='lat' dir='ltr'>sit</span> <span class='ocrx_word' id='word_1_184' title='bbox 596 2569 752 2631; x_wconf 79' lang='lat' dir='ltr'>dicendum.</span> <span class='ocrx_word' id='word_1_185' title='bbox 771 2571 891 2636; x_wconf 87' lang='lat' dir='ltr'>practice</span> <span class='ocrx_word' id='word_1_186' title='bbox 909 2569 1046 2637; x_wconf 89' lang='lat' dir='ltr'>loquendo</span> <span class='ocrx_word' id='word_1_187' title='bbox 1065 2569 1127 2626; x_wconf 89' lang='lat' dir='ltr'>illae</span> <span class='ocrx_word' id='word_1_188' title='bbox 1145 2584 1189 2627; x_wconf 90' lang='lat' dir='ltr'>res</span> <span class='ocrx_word' id='word_1_189' title='bbox 1206 2575 1272 2626; x_wconf 91' lang='lat' dir='ltr'>sunt</span> <span class='ocrx_word' id='word_1_190' title='bbox 1284 2570 1341 2626; x_wconf 89' lang='lat' dir='ltr'>iere</span> <span class='ocrx_word' id='word_1_191' title='bbox 1359 2572 1471 2628; x_wconf 88' lang='lat' dir='ltr'>eaedem</span> 
     </span>
     <span class='ocr_line' id='line_1_23' title="bbox 383 2642 1467 2718; baseline 0.005 -20"><span class='ocrx_word' id='word_1_192' title='bbox 383 2657 454 2710; x_wconf 81' lang='lat' dir='ltr'>quae.</span> <span class='ocrx_word' id='word_1_193' title='bbox 473 2657 548 2699; x_wconf 91' lang='lat' dir='ltr'>«usu</span> <span class='ocrx_word' id='word_1_194' title='bbox 572 2647 796 2718; x_wconf 84' lang='lat' dir='ltr'>consumuntur»</span> <span class='ocrx_word' id='word_1_195' title='bbox 816 2647 844 2699; x_wconf 91' lang='lat' dir='ltr'>et</span> <span class='ocrx_word' id='word_1_196' title='bbox 863 2657 934 2710; x_wconf 87' lang='lat' dir='ltr'>quae</span> <span class='ocrx_word' id='word_1_197' title='bbox 953 2642 1162 2699; x_wconf 88' lang='lat' dir='ltr'>considerantur</span> <span class='ocrx_word' id='word_1_198' title='bbox 1181 2644 1232 2698; x_wconf 83' lang='lat' dir='ltr'>«in</span> <span class='ocrx_word' id='word_1_199' title='bbox 1250 2659 1372 2710; x_wconf 77' lang='lat' dir='ltr'>genere»</span> <span class='ocrx_word' id='word_1_200' title='bbox 1390 2661 1442 2702; x_wconf 90' lang='lat' dir='ltr'>suo</span> <span class='ocrx_word' id='word_1_201' title='bbox 1461 2666 1467 2701; x_wconf 73' lang='grc' dir='ltr'><strong>ε</strong></span> 
     </span>
     <span class='ocr_line' id='line_1_24' title="bbox 383 2716 1468 2785; baseline 0.009 -19"><span class='ocrx_word' id='word_1_202' title='bbox 383 2717 474 2773; x_wconf 79' lang='lat' dir='ltr'>«ainsi</span> <span class='ocrx_word' id='word_1_203' title='bbox 494 2717 518 2772; x_wconf 89' lang='lat' dir='ltr'>la</span> <span class='ocrx_word' id='word_1_204' title='bbox 537 2717 674 2778; x_wconf 89' lang='lat' dir='ltr'>monnaie,</span> <span class='ocrx_word' id='word_1_205' title='bbox 686 2717 789 2782; x_wconf 87' lang='lat' dir='ltr'>l’bnile,</span> <span class='ocrx_word' id='word_1_206' title='bbox 808 2717 908 2783; x_wconf 91' lang='lat' dir='ltr'>levin,</span> <span class='ocrx_word' id='word_1_207' title='bbox 928 2717 954 2773; x_wconf 90' lang='lat' dir='ltr'>le</span> <span class='ocrx_word' id='word_1_208' title='bbox 971 2716 1026 2782; x_wconf 83' lang='lat' dir='ltr'>ble,</span> <span class='ocrx_word' id='word_1_209' title='bbox 1039 2722 1102 2773; x_wconf 90' lang='lat' dir='ltr'>sont</span> <span class='ocrx_word' id='word_1_210' title='bbox 1119 2717 1168 2773; x_wconf 89' lang='lat' dir='ltr'>des</span> <span class='ocrx_word' id='word_1_211' title='bbox 1185 2718 1283 2774; x_wconf 88' lang='lat' dir='ltr'>eboses</span> <span class='ocrx_word' id='word_1_212' title='bbox 1300 2721 1348 2785; x_wconf 93' lang='lat' dir='ltr'>qui</span> <span class='ocrx_word' id='word_1_213' title='bbox 1365 2733 1468 2776; x_wconf 90' lang='lat' dir='ltr'>secon-</span> 
     </span>
     <span class='ocr_line' id='line_1_25' title="bbox 383 2790 1470 2858; baseline 0.004 -12"><span class='ocrx_word' id='word_1_214' title='bbox 383 2795 519 2847; x_wconf 89' lang='lat' dir='ltr'>somment</span> <span class='ocrx_word' id='word_1_215' title='bbox 542 2805 592 2858; x_wconf 88' lang='lat' dir='ltr'>par</span> <span class='ocrx_word' id='word_1_216' title='bbox 613 2793 639 2848; x_wconf 90' lang='lat' dir='ltr'>le</span> <span class='ocrx_word' id='word_1_217' title='bbox 662 2794 781 2858; x_wconf 89' lang='lat' dir='ltr'>premier</span> <span class='ocrx_word' id='word_1_218' title='bbox 803 2806 896 2858; x_wconf 76' lang='lat' dir='ltr'>usage,</span> <span class='ocrx_word' id='word_1_219' title='bbox 918 2793 966 2857; x_wconf 90' lang='lat' dir='ltr'>qui</span> <span class='ocrx_word' id='word_1_220' title='bbox 989 2805 1020 2848; x_wconf 91' lang='lat' dir='ltr'>se</span> <span class='ocrx_word' id='word_1_221' title='bbox 1042 2790 1145 2858; x_wconf 73' lang='lat' dir='ltr'>posent</span> <span class='ocrx_word' id='word_1_222' title='bbox 1167 2805 1197 2848; x_wconf 87' lang='lat' dir='ltr'>se</span> <span class='ocrx_word' id='word_1_223' title='bbox 1216 2796 1357 2850; x_wconf 85' lang='lat' dir='ltr'>mesureut</span> <span class='ocrx_word' id='word_1_224' title='bbox 1379 2809 1416 2850; x_wconf 93' lang='lat' dir='ltr'>ou</span> <span class='ocrx_word' id='word_1_225' title='bbox 1440 2807 1470 2850; x_wconf 85' lang='lat' dir='ltr'>ee</span> 
     </span>
     <span class='ocr_line' id='line_1_26' title="bbox 383 2865 1468 2933; baseline 0.004 -12"><span class='ocrx_word' id='word_1_226' title='bbox 383 2869 533 2932; x_wconf 87' lang='lat' dir='ltr'>complent,</span> <span class='ocrx_word' id='word_1_227' title='bbox 556 2880 612 2933; x_wconf 90' lang='lat' dir='ltr'>que</span> <span class='ocrx_word' id='word_1_228' title='bbox 634 2866 687 2922; x_wconf 88' lang='lat' dir='ltr'>l’on</span> <span class='ocrx_word' id='word_1_229' title='bbox 709 2866 882 2922; x_wconf 82' lang='lat' dir='ltr'>considerem</span> <span class='ocrx_word' id='word_1_230' title='bbox 905 2865 1070 2923; x_wconf 89' lang='lat' dir='ltr'>d&#39;ordinaire</span> <span class='ocrx_word' id='word_1_231' title='bbox 1091 2869 1120 2919; x_wconf 79' lang='lat' dir='ltr'>in</span> <span class='ocrx_word' id='word_1_232' title='bbox 1142 2881 1261 2932; x_wconf 73' lang='lat' dir='ltr'>penore»</span> <span class='ocrx_word' id='word_1_233' title='bbox 1283 2867 1328 2928; x_wconf 88' lang='lat' dir='ltr'>(cl.</span> <span class='ocrx_word' id='word_1_234' title='bbox 1352 2869 1468 2932; x_wconf 73' lang='lat' dir='ltr'>tirrano,</span> 
     </span>
     <span class='ocr_line' id='line_1_27' title="bbox 384 2938 1468 3005; baseline 0 -11"><span class='ocrx_word' id='word_1_235' title='bbox 384 2953 412 3004; x_wconf 92' lang='lat' dir='ltr'>p.</span> <span class='ocrx_word' id='word_1_236' title='bbox 429 2938 496 2998; x_wconf 75' lang='lat' dir='ltr'>bat).</span> <span class='ocrx_word' id='word_1_237' title='bbox 510 2939 624 2996; x_wconf 71' lang='lat' dir='ltr'>-d01n</span> <span class='ocrx_word' id='word_1_238' title='bbox 636 2939 749 2995; x_wconf 86' lang='lat' dir='ltr'>scientia</span> <span class='ocrx_word' id='word_1_239' title='bbox 761 2939 840 2995; x_wconf 89' lang='lat' dir='ltr'>lledii</span> <span class='ocrx_word' id='word_1_240' title='bbox 852 2940 921 3003; x_wconf 89' lang='lat' dir='ltr'>aevi,</span> <span class='ocrx_word' id='word_1_241' title='bbox 933 2940 1083 3005; x_wconf 74' lang='lat' dir='ltr'>generatim</span> <span class='ocrx_word' id='word_1_242' title='bbox 1096 2939 1251 2995; x_wconf 87' lang='lat' dir='ltr'>statuebant</span> <span class='ocrx_word' id='word_1_243' title='bbox 1262 2941 1290 2996; x_wconf 93' lang='lat' dir='ltr'>in</span> <span class='ocrx_word' id='word_1_244' title='bbox 1302 2945 1400 2998; x_wconf 89' lang='lat' dir='ltr'>mutuo</span> <span class='ocrx_word' id='word_1_245' title='bbox 1412 2948 1468 2995; x_wconf 83' lang='lat' dir='ltr'>tun-</span> 
     </span>
     <span class='ocr_line' id='line_1_28' title="bbox 384 3011 1469 3079; baseline 0.006 -15"><span class='ocrx_word' id='word_1_246' title='bbox 384 3015 502 3066; x_wconf 88' lang='lat' dir='ltr'>tumdem</span> <span class='ocrx_word' id='word_1_247' title='bbox 514 3025 575 3068; x_wconf 91' lang='lat' dir='ltr'>esse</span> <span class='ocrx_word' id='word_1_248' title='bbox 588 3011 757 3068; x_wconf 89' lang='lat' dir='ltr'>reddendum</span> <span class='ocrx_word' id='word_1_249' title='bbox 774 3017 907 3079; x_wconf 90' lang='lat' dir='ltr'>quantum</span> <span class='ocrx_word' id='word_1_250' title='bbox 924 3016 1063 3079; x_wconf 84' lang='lat' dir='ltr'>receptum</span> <span class='ocrx_word' id='word_1_251' title='bbox 1080 3015 1131 3068; x_wconf 90' lang='lat' dir='ltr'>est.</span> <span class='ocrx_word' id='word_1_252' title='bbox 1144 3014 1210 3069; x_wconf 91' lang='lat' dir='ltr'>lude</span> <span class='ocrx_word' id='word_1_253' title='bbox 1227 3016 1422 3075; x_wconf 88' lang='lat' dir='ltr'>controversia.</span> <span class='ocrx_word' id='word_1_254' title='bbox 1435 3015 1469 3071; x_wconf 90' lang='lat' dir='ltr'>de</span> 
     </span>
     <span class='ocr_line' id='line_1_29' title="bbox 383 3084 1469 3153; baseline 0.005 -13"><span class='ocrx_word' id='word_1_255' title='bbox 383 3100 437 3152; x_wconf 91' lang='lat' dir='ltr'>qua</span> <span class='ocrx_word' id='word_1_256' title='bbox 446 3099 529 3152; x_wconf 87' lang='lat' dir='ltr'>supra</span> <span class='ocrx_word' id='word_1_257' title='bbox 538 3087 574 3153; x_wconf 91' lang='lat' dir='ltr'>tp.</span> <span class='ocrx_word' id='word_1_258' title='bbox 585 3084 702 3149; x_wconf 63' lang='grc'><strong>183486,</strong></span> <span class='ocrx_word' id='word_1_259' title='bbox 711 3086 784 3148; x_wconf 89' lang='lat' dir='ltr'>nota)</span> <span class='ocrx_word' id='word_1_260' title='bbox 793 3086 926 3153; x_wconf 87' lang='lat' dir='ltr'>quaedam</span> <span class='ocrx_word' id='word_1_261' title='bbox 936 3087 1099 3142; x_wconf 87' lang='lat' dir='ltr'>notavimus.</span> <span class='ocrx_word' id='word_1_262' title='bbox 1107 3087 1272 3153; x_wconf 89' lang='lat' dir='ltr'>lndeetiam,</span> <span class='ocrx_word' id='word_1_263' title='bbox 1280 3103 1343 3145; x_wconf 91' lang='lat' dir='ltr'>cum</span> <span class='ocrx_word' id='word_1_264' title='bbox 1353 3091 1469 3147; x_wconf 89' lang='lat' dir='ltr'>ulterior</span> 
     </span>
     <span class='ocr_line' id='line_1_30' title="bbox 384 3158 1467 3228; baseline 0.005 -14"><span class='ocrx_word' id='word_1_265' title='bbox 384 3158 575 3215; x_wconf 85' lang='lat' dir='ltr'>determinatio</span> <span class='ocrx_word' id='word_1_266' title='bbox 586 3165 742 3226; x_wconf 86' lang='lat' dir='ltr'>quaeratur,</span> <span class='ocrx_word' id='word_1_267' title='bbox 757 3174 963 3228; x_wconf 78' lang='lat' dir='ltr'>nonnumquam</span> <span class='ocrx_word' id='word_1_268' title='bbox 980 3161 1107 3218; x_wconf 88' lang='lat' dir='ltr'>doctores</span> <span class='ocrx_word' id='word_1_269' title='bbox 1126 3162 1198 3218; x_wconf 90' lang='lat' dir='ltr'>iuter</span> <span class='ocrx_word' id='word_1_270' title='bbox 1215 3177 1245 3219; x_wconf 88' lang='lat' dir='ltr'>se</span> <span class='ocrx_word' id='word_1_271' title='bbox 1261 3164 1467 3221; x_wconf 85' lang='lat' dir='ltr'>dissentiebant.</span> 
     </span>
     <span class='ocr_line' id='line_1_31' title="bbox 382 3233 1467 3304; baseline 0.003 -16"><span class='ocrx_word' id='word_1_272' title='bbox 382 3234 421 3288; x_wconf 91' lang='lat' dir='ltr'>lta</span> <span class='ocrx_word' id='word_1_273' title='bbox 438 3233 546 3288; x_wconf 84' lang='lat' dir='ltr'>Lussrus</span> <span class='ocrx_word' id='word_1_274' title='bbox 565 3240 617 3298; x_wconf 81' lang='lat' dir='ltr'>(op.</span> <span class='ocrx_word' id='word_1_275' title='bbox 631 3248 665 3297; x_wconf 89' lang='lat' dir='ltr'>e.,</span> <span class='ocrx_word' id='word_1_276' title='bbox 685 3234 703 3288; x_wconf 93' lang='lat' dir='ltr'>l.</span> <span class='ocrx_word' id='word_1_277' title='bbox 715 3235 746 3296; x_wconf 94' lang='lat' dir='ltr'>ll,</span> <span class='ocrx_word' id='word_1_278' title='bbox 764 3249 788 3289; x_wconf 90' lang='lat' dir='ltr'>c.</span> <span class='ocrx_word' id='word_1_279' title='bbox 801 3235 845 3295; x_wconf 78' lang='lat' dir='ltr'>ab.</span> <span class='ocrx_word' id='word_1_280' title='bbox 858 3249 886 3289; x_wconf 92' lang='lat' dir='ltr'>n.</span> <span class='ocrx_word' id='word_1_281' title='bbox 899 3234 924 3296; x_wconf 79' lang='lat' dir='ltr'>ll</span> <span class='ocrx_word' id='word_1_282' title='bbox 942 3239 1040 3291; x_wconf 93' lang='lat' dir='ltr'>mutuo</span> <span class='ocrx_word' id='word_1_283' title='bbox 1058 3249 1114 3290; x_wconf 93' lang='lat' dir='ltr'>nou</span> <span class='ocrx_word' id='word_1_284' title='bbox 1132 3235 1270 3293; x_wconf 90' lang='lat' dir='ltr'>submittit</span> <span class='ocrx_word' id='word_1_285' title='bbox 1288 3238 1400 3304; x_wconf 89' lang='lat' dir='ltr'>proprie</span> <span class='ocrx_word' id='word_1_286' title='bbox 1416 3238 1467 3292; x_wconf 90' lang='lat' dir='ltr'>nisi</span> 
     </span>
     <span class='ocr_line' id='line_1_32' title="bbox 382 3305 1468 3374; baseline 0.005 -13"><span class='ocrx_word' id='word_1_287' title='bbox 382 3323 400 3353; x_wconf 76' lang='lat' dir='ltr'>u</span> <span class='ocrx_word' id='word_1_288' title='bbox 408 3318 452 3361; x_wconf 87' lang='lat' dir='ltr'>res</span> <span class='ocrx_word' id='word_1_289' title='bbox 470 3319 595 3367; x_wconf 78' lang='lat' dir='ltr'>numero,</span> <span class='ocrx_word' id='word_1_290' title='bbox 615 3305 745 3372; x_wconf 91' lang='lat' dir='ltr'>pondere,</span> <span class='ocrx_word' id='word_1_291' title='bbox 766 3307 809 3364; x_wconf 90' lang='lat' dir='ltr'>vel</span> <span class='ocrx_word' id='word_1_292' title='bbox 831 3321 958 3364; x_wconf 90' lang='lat' dir='ltr'>mensura</span> <span class='ocrx_word' id='word_1_293' title='bbox 978 3313 1166 3374; x_wconf 75' lang='lat' dir='ltr'>constantes»,</span> <span class='ocrx_word' id='word_1_294' title='bbox 1188 3324 1244 3366; x_wconf 94' lang='lat' dir='ltr'>non</span> <span class='ocrx_word' id='word_1_295' title='bbox 1263 3315 1355 3368; x_wconf 89' lang='lat' dir='ltr'>autem</span> <span class='ocrx_word' id='word_1_296' title='bbox 1375 3313 1468 3368; x_wconf 90' lang='lat' dir='ltr'>stricte</span> 
     </span>
     <span class='ocr_line' id='line_1_33' title="bbox 383 3381 1467 3452; baseline 0.003 -17"><span class='ocrx_word' id='word_1_297' title='bbox 383 3392 450 3435; x_wconf 79' lang='lat' dir='ltr'>«res</span> <span class='ocrx_word' id='word_1_298' title='bbox 462 3393 514 3435; x_wconf 87' lang='lat' dir='ltr'>usu</span> <span class='ocrx_word' id='word_1_299' title='bbox 526 3381 785 3447; x_wconf 75' lang='lat' dir='ltr'>consumptibilesu,</span> <span class='ocrx_word' id='word_1_300' title='bbox 802 3397 873 3448; x_wconf 92' lang='lat' dir='ltr'>quae</span> <span class='ocrx_word' id='word_1_301' title='bbox 888 3383 1042 3440; x_wconf 80' lang='lat' dir='ltr'>«dicuntur</span> <span class='ocrx_word' id='word_1_302' title='bbox 1056 3397 1071 3438; x_wconf 92' lang='lat' dir='ltr'>a</span> <span class='ocrx_word' id='word_1_303' title='bbox 1086 3383 1253 3450; x_wconf 85' lang='lat' dir='ltr'>jurisperitis</span> <span class='ocrx_word' id='word_1_304' title='bbox 1264 3390 1385 3452; x_wconf 75' lang='lat' dir='ltr'>ucupere</span> <span class='ocrx_word' id='word_1_305' title='bbox 1394 3386 1467 3450; x_wconf 72' lang='lat' dir='ltr'>tunc·</span> 
     </span>
     <span class='ocr_line' id='line_1_34' title="bbox 382 3455 1468 3525; baseline 0.007 -18"><span class='ocrx_word' id='word_1_306' title='bbox 382 3457 482 3508; x_wconf 81' lang='lat' dir='ltr'>tionem</span> <span class='ocrx_word' id='word_1_307' title='bbox 488 3469 514 3510; x_wconf 79' lang='lat' dir='ltr'>a.</span> <span class='ocrx_word' id='word_1_308' title='bbox 528 3455 604 3520; x_wconf 83' lang='lat' dir='ltr'>Quod</span> <span class='ocrx_word' id='word_1_309' title='bbox 616 3459 708 3512; x_wconf 88' lang='lat' dir='ltr'>autem</span> <span class='ocrx_word' id='word_1_310' title='bbox 725 3459 798 3523; x_wconf 89' lang='lat' dir='ltr'>patet</span> <span class='ocrx_word' id='word_1_311' title='bbox 813 3471 875 3513; x_wconf 80' lang='lat' dir='ltr'>esse</span> <span class='ocrx_word' id='word_1_312' title='bbox 889 3460 1078 3525; x_wconf 88' lang='lat' dir='ltr'>quaestionem</span> <span class='ocrx_word' id='word_1_313' title='bbox 1095 3459 1243 3515; x_wconf 89' lang='lat' dir='ltr'>verborum</span> <span class='ocrx_word' id='word_1_314' title='bbox 1257 3479 1264 3516; x_wconf 73' lang='grc' dir='ltr'><strong><em>ε</em></strong></span> <span class='ocrx_word' id='word_1_315' title='bbox 1278 3459 1340 3516; x_wconf 89' lang='lat' dir='ltr'>ideo</span> <span class='ocrx_word' id='word_1_316' title='bbox 1351 3460 1468 3516; x_wconf 87' lang='lat' dir='ltr'>eximius</span> 
     </span>
     <span class='ocr_line' id='line_1_35' title="bbox 380 3529 1466 3602; baseline 0.006 -19"><span class='ocrx_word' id='word_1_317' title='bbox 380 3531 478 3585; x_wconf 85' lang='lat' dir='ltr'>auctor</span> <span class='ocrx_word' id='word_1_318' title='bbox 500 3529 608 3594; x_wconf 75' lang='lat' dir='ltr'>cogitur</span> <span class='ocrx_word' id='word_1_319' title='bbox 630 3543 681 3596; x_wconf 93' lang='lat' dir='ltr'>pro</span> <span class='ocrx_word' id='word_1_320' title='bbox 703 3529 808 3587; x_wconf 84' lang='lat' dir='ltr'>credito</span> <span class='ocrx_word' id='word_1_321' title='bbox 832 3531 1013 3597; x_wconf 90' lang='lat' dir='ltr'>quarumdam</span> <span class='ocrx_word' id='word_1_322' title='bbox 1036 3547 1128 3588; x_wconf 90' lang='lat' dir='ltr'>rerum</span> <span class='ocrx_word' id='word_1_323' title='bbox 1151 3536 1324 3590; x_wconf 89' lang='lat' dir='ltr'>contractum</span> <span class='ocrx_word' id='word_1_324' title='bbox 1348 3535 1466 3602; x_wconf 90' lang='lat' dir='ltr'>aliquem</span> 
     </span>
     <span class='ocr_line' id='line_1_36' title="bbox 378 3604 1467 3675; baseline 0.008 -21"><span class='ocrx_word' id='word_1_325' title='bbox 378 3604 578 3655; x_wconf 72' lang='lat' dir='ltr'>annuntiantum</span> <span class='ocrx_word' id='word_1_326' title='bbox 595 3604 759 3669; x_wconf 81' lang='lat' dir='ltr'>excogitare,</span> <span class='ocrx_word' id='word_1_327' title='bbox 772 3620 798 3660; x_wconf 89' lang='lat' dir='ltr'>v.</span> <span class='ocrx_word' id='word_1_328' title='bbox 812 3620 839 3671; x_wconf 78' lang='lat' dir='ltr'>g,</span> <span class='ocrx_word' id='word_1_329' title='bbox 852 3620 903 3672; x_wconf 95' lang='lat' dir='ltr'>pro</span> <span class='ocrx_word' id='word_1_330' title='bbox 921 3606 1026 3663; x_wconf 85' lang='lat' dir='ltr'>credito</span> <span class='ocrx_word' id='word_1_331' title='bbox 1044 3607 1130 3662; x_wconf 91' lang='lat' dir='ltr'>librae</span> <span class='ocrx_word' id='word_1_332' title='bbox 1147 3608 1227 3671; x_wconf 80' lang='lat' dir='ltr'>aeris,</span> <span class='ocrx_word' id='word_1_333' title='bbox 1239 3609 1282 3664; x_wconf 89' lang='lat' dir='ltr'>vel</span> <span class='ocrx_word' id='word_1_334' title='bbox 1300 3610 1369 3669; x_wconf 83' lang='lat' dir='ltr'>ovis.</span> <span class='ocrx_word' id='word_1_335' title='bbox 1388 3609 1467 3675; x_wconf 86' lang='lat' dir='ltr'>euius</span> 
     </span>
     <span class='ocr_line' id='line_1_37' title="bbox 379 3675 1467 3749; baseline 0.007 -19"><span class='ocrx_word' id='word_1_336' title='bbox 379 3675 440 3731; x_wconf 88' lang='lat' dir='ltr'>vice</span> <span class='ocrx_word' id='word_1_337' title='bbox 462 3679 555 3741; x_wconf 89' lang='lat' dir='ltr'>postea</span> <span class='ocrx_word' id='word_1_338' title='bbox 578 3676 677 3732; x_wconf 87' lang='lat' dir='ltr'>similis</span> <span class='ocrx_word' id='word_1_339' title='bbox 701 3678 871 3736; x_wconf 87' lang='lat' dir='ltr'>restituatur.</span> <span class='ocrx_word' id='word_1_340' title='bbox 895 3679 958 3736; x_wconf 90' lang='lat' dir='ltr'>ldeo</span> <span class='ocrx_word' id='word_1_341' title='bbox 983 3680 1107 3747; x_wconf 90' lang='lat' dir='ltr'>plerique</span> <span class='ocrx_word' id='word_1_342' title='bbox 1130 3685 1271 3742; x_wconf 84' lang='lat' dir='ltr'>auctores.</span> <span class='ocrx_word' id='word_1_343' title='bbox 1296 3696 1354 3738; x_wconf 89' lang='lat' dir='ltr'>rem</span> <span class='ocrx_word' id='word_1_344' title='bbox 1376 3683 1467 3749; x_wconf 85' lang='lat' dir='ltr'>potius</span> 
     </span>
     <span class='ocr_line' id='line_1_38' title="bbox 380 3748 1466 3824; baseline 0.01 -22"><span class='ocrx_word' id='word_1_345' title='bbox 380 3748 566 3815; x_wconf 81' lang='lat' dir='ltr'>inspicientes.</span> <span class='ocrx_word' id='word_1_346' title='bbox 590 3755 719 3807; x_wconf 91' lang='lat' dir='ltr'>mutuum</span> <span class='ocrx_word' id='word_1_347' title='bbox 741 3753 924 3810; x_wconf 88' lang='lat' dir='ltr'>extendebant</span> <span class='ocrx_word' id='word_1_348' title='bbox 945 3758 975 3812; x_wconf 91' lang='lat' dir='ltr'>et</span> <span class='ocrx_word' id='word_1_349' title='bbox 996 3755 1031 3810; x_wconf 88' lang='lat' dir='ltr'>ad</span> <span class='ocrx_word' id='word_1_350' title='bbox 1055 3769 1099 3811; x_wconf 88' lang='lat' dir='ltr'>res</span> <span class='ocrx_word' id='word_1_351' title='bbox 1121 3773 1137 3804; x_wconf 74' lang='lat' dir='ltr'>t&lt;</span> <span class='ocrx_word' id='word_1_352' title='bbox 1145 3769 1196 3812; x_wconf 89' lang='lat' dir='ltr'>usu</span> <span class='ocrx_word' id='word_1_353' title='bbox 1217 3757 1466 3824; x_wconf 77' lang='lat' dir='ltr'>consumptibiles»</span> 
     </span>
     <span class='ocr_line' id='line_1_39' title="bbox 378 3823 1464 3897; baseline 0.007 -19"><span class='ocrx_word' id='word_1_354' title='bbox 378 3836 485 3888; x_wconf 90' lang='lat' dir='ltr'>omnes,</span> <span class='ocrx_word' id='word_1_355' title='bbox 496 3827 525 3880; x_wconf 91' lang='lat' dir='ltr'>et</span> <span class='ocrx_word' id='word_1_356' title='bbox 542 3823 575 3880; x_wconf 89' lang='lat' dir='ltr'>ad</span> <span class='ocrx_word' id='word_1_357' title='bbox 595 3838 639 3880; x_wconf 89' lang='lat' dir='ltr'>res</span> <span class='ocrx_word' id='word_1_358' title='bbox 657 3826 709 3881; x_wconf 85' lang='lat' dir='ltr'>«in</span> <span class='ocrx_word' id='word_1_359' title='bbox 725 3839 848 3894; x_wconf 79' lang='lat' dir='ltr'>genere»</span> <span class='ocrx_word' id='word_1_360' title='bbox 865 3828 1051 3885; x_wconf 89' lang='lat' dir='ltr'>consideratas</span> <span class='ocrx_word' id='word_1_361' title='bbox 1069 3842 1117 3886; x_wconf 91' lang='lat' dir='ltr'>seu</span> <span class='ocrx_word' id='word_1_362' title='bbox 1135 3829 1338 3897; x_wconf 65' lang='lat' dir='ltr'>«lungibilesru</span> <span class='ocrx_word' id='word_1_363' title='bbox 1358 3836 1387 3888; x_wconf 90' lang='lat' dir='ltr'>et</span> <span class='ocrx_word' id='word_1_364' title='bbox 1404 3845 1464 3887; x_wconf 92' lang='lat' dir='ltr'>cum</span> 
     </span>
     <span class='ocr_line' id='line_1_40' title="bbox 378 3898 1465 3971; baseline 0.007 -19"><span class='ocrx_word' id='word_1_365' title='bbox 378 3899 470 3953; x_wconf 88' lang='lat' dir='ltr'>omnia</span> <span class='ocrx_word' id='word_1_366' title='bbox 483 3898 528 3954; x_wconf 88' lang='lat' dir='ltr'>illa</span> <span class='ocrx_word' id='word_1_367' title='bbox 540 3899 809 3966; x_wconf 89' lang='lat' dir='ltr'>comprehendantur</span> <span class='ocrx_word' id='word_1_368' title='bbox 826 3902 855 3957; x_wconf 93' lang='lat' dir='ltr'>in</span> <span class='ocrx_word' id='word_1_369' title='bbox 873 3902 956 3959; x_wconf 84' lang='lat' dir='ltr'>rebus</span> <span class='ocrx_word' id='word_1_370' title='bbox 973 3917 1048 3959; x_wconf 91' lang='lat' dir='ltr'>«usu</span> <span class='ocrx_word' id='word_1_371' title='bbox 1061 3904 1353 3971; x_wconf 82' lang='lat' dir='ltr'>consumptibilibue»,</span> <span class='ocrx_word' id='word_1_372' title='bbox 1373 3906 1405 3962; x_wconf 94' lang='lat' dir='ltr'>ad</span> <span class='ocrx_word' id='word_1_373' title='bbox 1418 3905 1465 3960; x_wconf 89' lang='lat' dir='ltr'>bas</span> 
     </span>
     <span class='ocr_line' id='line_1_41' title="bbox 379 3969 1463 4045; baseline 0.011 -20"><span class='ocrx_word' id='word_1_374' title='bbox 379 3969 530 4030; x_wconf 76' lang='lat' dir='ltr'>formaliter</span> <span class='ocrx_word' id='word_1_375' title='bbox 551 3977 678 4030; x_wconf 89' lang='lat' dir='ltr'>mutuum</span> <span class='ocrx_word' id='word_1_376' title='bbox 699 3975 866 4032; x_wconf 87' lang='lat' dir='ltr'>reducebant</span> <span class='ocrx_word' id='word_1_377' title='bbox 884 3977 928 4041; x_wconf 89' lang='lat' dir='ltr'>(cl.</span> <span class='ocrx_word' id='word_1_378' title='bbox 950 3979 1107 4042; x_wconf 79' lang='lat' dir='ltr'>durannus,</span> <span class='ocrx_word' id='word_1_379' title='bbox 1128 3994 1170 4045; x_wconf 88' lang='lat' dir='ltr'>op.</span> <span class='ocrx_word' id='word_1_380' title='bbox 1191 3994 1225 4045; x_wconf 79' lang='lat' dir='ltr'>u,</span> <span class='ocrx_word' id='word_1_381' title='bbox 1247 3995 1271 4036; x_wconf 90' lang='lat' dir='ltr'>o.</span> <span class='ocrx_word' id='word_1_382' title='bbox 1292 3982 1335 4044; x_wconf 88' lang='lat' dir='ltr'>ll,</span> <span class='ocrx_word' id='word_1_383' title='bbox 1355 3995 1383 4037; x_wconf 91' lang='lat' dir='ltr'>n.</span> <span class='ocrx_word' id='word_1_384' title='bbox 1402 3979 1463 4044; x_wconf 69' lang='lat' dir='ltr'>tom</span> 
     </span>
     <span class='ocr_line' id='line_1_42' title="bbox 378 4044 1462 4120; baseline 0.009 -20"><span class='ocrx_word' id='word_1_385' title='bbox 378 4044 473 4110; x_wconf 87' lang='lat' dir='ltr'>Soros,</span> <span class='ocrx_word' id='word_1_386' title='bbox 487 4049 528 4100; x_wconf 88' lang='lat' dir='ltr'>De</span> <span class='ocrx_word' id='word_1_387' title='bbox 538 4049 599 4110; x_wconf 78' lang='lat' dir='ltr'>iure</span> <span class='ocrx_word' id='word_1_388' title='bbox 610 4054 637 4102; x_wconf 87' lang='lat' dir='ltr'>et</span> <span class='ocrx_word' id='word_1_389' title='bbox 642 4051 759 4115; x_wconf 79' lang='lat' dir='ltr'>justitio,</span> <span class='ocrx_word' id='word_1_390' title='bbox 771 4065 799 4117; x_wconf 91' lang='lat' dir='ltr'>q.</span> <span class='ocrx_word' id='word_1_391' title='bbox 812 4052 834 4114; x_wconf 87' lang='lat'>1,</span> <span class='ocrx_word' id='word_1_392' title='bbox 847 4064 871 4108; x_wconf 88' lang='lat' dir='ltr'>a.</span> <span class='ocrx_word' id='word_1_393' title='bbox 886 4052 916 4117; x_wconf 91' lang='lat' dir='ltr'>l;</span> <span class='ocrx_word' id='word_1_394' title='bbox 929 4052 1072 4118; x_wconf 83' lang='lat' dir='ltr'>Wroorms,</span> <span class='ocrx_word' id='word_1_395' title='bbox 1085 4068 1127 4118; x_wconf 87' lang='lat' dir='ltr'>op.</span> <span class='ocrx_word' id='word_1_396' title='bbox 1140 4068 1175 4118; x_wconf 77' lang='lat' dir='ltr'>c..</span> <span class='ocrx_word' id='word_1_397' title='bbox 1188 4056 1223 4110; x_wconf 82' lang='lat' dir='ltr'>tr.</span> <span class='ocrx_word' id='word_1_398' title='bbox 1234 4055 1264 4120; x_wconf 88' lang='lat' dir='ltr'>V,</span> <span class='ocrx_word' id='word_1_399' title='bbox 1277 4069 1302 4112; x_wconf 90' lang='lat' dir='ltr'>c.</span> <span class='ocrx_word' id='word_1_400' title='bbox 1313 4057 1356 4120; x_wconf 85' lang='lat' dir='ltr'>vl,</span> <span class='ocrx_word' id='word_1_401' title='bbox 1366 4055 1419 4110; x_wconf 76' lang='lat' dir='ltr'>ni</span> <span class='ocrx_word' id='word_1_402' title='bbox 1430 4068 1462 4116; x_wconf 66' lang='lat' dir='ltr'>su</span> 
     </span>
     <span class='ocr_line' id='line_1_43' title="bbox 378 4119 1464 4250; baseline 0.008 -77"><span class='ocrx_word' id='word_1_403' title='bbox 378 4129 414 4174; x_wconf 84' lang='lat' dir='ltr'>ort</span> <span class='ocrx_word' id='word_1_404' title='bbox 431 4119 577 4250; x_wconf 48' lang='lat' dir='ltr'>brochon.</span> <span class='ocrx_word' id='word_1_405' title='bbox 590 4137 623 4187; x_wconf 81' lang='lat' dir='ltr'>u,</span> <span class='ocrx_word' id='word_1_406' title='bbox 642 4123 973 4189; x_wconf 85' lang='lat' dir='ltr'>d.llll1ll,seot.l,n.l).</span> <span class='ocrx_word' id='word_1_407' title='bbox 992 4126 1093 4184; x_wconf 77' lang='lat' dir='ltr'>liudem</span> <span class='ocrx_word' id='word_1_408' title='bbox 1110 4127 1193 4184; x_wconf 91' lang='lat' dir='ltr'>modo</span> <span class='ocrx_word' id='word_1_409' title='bbox 1210 4143 1242 4184; x_wconf 90' lang='lat' dir='ltr'>ac</span> <span class='ocrx_word' id='word_1_410' title='bbox 1260 4128 1300 4185; x_wconf 92' lang='lat' dir='ltr'>illi</span> <span class='ocrx_word' id='word_1_411' title='bbox 1318 4141 1464 4196; x_wconf 87' lang='lat' dir='ltr'>possumus</span> 
     </span>
     <span class='ocr_line' id='line_1_44' title="bbox 379 4205 1266 4254; baseline 0.009 -6"><span class='ocrx_word' id='word_1_412' title='bbox 379 4205 512 4250; x_wconf 83' lang='lat' dir='ltr'>reucousr</span> <span class='ocrx_word' id='word_1_413' title='bbox 531 4209 616 4254; x_wconf 86' lang='lat' dir='ltr'>crare.</span> <span class='ocrx_word' id='word_1_414' title='bbox 891 4232 893 4235; x_wconf 94' lang='lat'>-</span> <span class='ocrx_word' id='word_1_415' title='bbox 1263 4219 1266 4222; x_wconf 88' lang='lat'><strong>·</strong></span> 
     </span>
    </p>
   </div>
   <div class='ocr_carea' id='block_1_6' title="bbox 0 0 1626 4959">
    <p class='ocr_par' dir='ltr' id='par_1_7' title="bbox 0 0 1626 4959">
     <span class='ocr_line' id='line_1_45' title="bbox 0 0 1626 4959; baseline 0 4"><span class='ocrx_word' id='word_1_416' title='bbox 0 0 1626 4959; x_wconf 95' lang='lat' dir='ltr'> </span> 
     </span>
    </p>
   </div>
  </div>
 </body>
</html>
